3600 5317
747 478 883 533 ..ιρ-

227 599 400 665 Herodotus
426 618 485 664 non
513 599 546 664 in
568 600 747 665 universum
769 599 927 683 loquitur,
957 600 1011 665 sed
1040 602 1139 665 certas
1170 599 1320 683 quasdam
1349 620 1398 666 res

228 700 414 786 cogitatione
441 701 675 785 complect‘tur,
705 704 742 767 ut
772 703 901 767 uerbum
937 702 1065 768 τούτων
1094 702 1170 768 satis
1198 702 1398 767 demonstrat.

226 801 401 869 Herodotus
432 803 578 869 videlicet
609 803 642 868 in
675 806 754 869 hanc
782 804 969 870 sententiam
1005 803 1155 886 loquitur,
1177 805 1216 868 nt
1237 804 1397 870 Miltiades

228 905 321 990 paulo
341 907 413 970 ante
434 905 624 971 Phoenicum
646 906 754 971 classis
775 906 942 971 adventum
964 905 1091 971 redierit
1112 906 1144 970 in
1167 905 1400 982 Chersonesum,

229 1026 385 1072 reuersum
406 1009 513 1073 autem
535 1027 629 1074 novae
651 1009 847 1073 calamitates
868 1009 1024 1093 graviores
1046 1008 1222 1091 praeteritis
1249 1026 1400 1092 oppresse·

229 1109 301 1174 rint.
325 1110 368 1174 At
389 1128 467 1193 quae
489 1110 607 1175 fuerint
628 1110 706 1176 istae
727 1111 913 1195 praeteritae
949 1111 1145 1175 calamitates
1171 1130 1306 1176 —oum
1329 1112 1400 1175 ante

231 1211 356 1277 silentio
377 1212 621 1294 praetermiserit
657 1250 686 1259 -
716 1215 804 1279 ratus
830 1212 1062 1290 declarandum,
1083 1211 1175 1276 dicit:
1199 1212 1290 1276 tertio
1312 1214 1400 1296 (num

231 1313 328 1395 τρίτῳ
350 1313 414 1399 legi
429 1313 550 1391 debeat,
559 1314 734 1380 videbimus
748 1316 889 1399 posthac)
904 1315 987 1379 enim
1001 1334 1086 1378 uano
1097 1319 1171 1378 onte
1181 1314 1257 1379 tuoe
1268 1314 1402 1396 Scythas

230 1413 351 1498 effupit.
374 1415 558 1499 Conspirant
580 1454 621 1463 --
643 1416 675 1481 id
699 1416 780 1499 quod
813 1435 908 1500 supra
940 1416 1217 1481 animadvertimus
1243 1454 1283 1464 —
1310 1416 1403 1481 verba

230 1516 385 1582 retexendi
407 1536 500 1583 causa
521 1520 670 1603 usurpata
691 1523 792 1584 ταθτα
815 1522 871 1598 μὲν
893 1519 934 1597 δὴ
956 1519 1053 1601 τρίτῳ
1076 1520 1139 1585 ἐτει
1164 1520 1313 1596 ἐγεγόνεε
1336 1523 1402 1585 τῶν

231 1619 306 1685 τότε
328 1641 380 1699 μιν
402 1622 616 1699 κατεχόντων.
639 1622 750 1703 Itaque
771 1621 857 1686 locus
882 1623 973 1704 plane
988 1621 1228 1687 difficultatibus
1243 1620 1403 1704 expeditus

232 1724 321 1798 esset,
343 1722 370 1786 si
393 1721 526 1807 Scythae
551 1724 771 1803 ἐρεθισθέντες
801 1725 865 1788 ὑπὸ
887 1726 1032 1803 Δαρείου
1060 1726 1217 1803 βασιλέως
1232 1742 1336 1789 revera
1350 1742 1404 1806 po

232 1824 366 1889 tuissent
387 1823 609 1891 Chersonesum
632 1826 776 1891 invadere
797 1826 919 1908 aliquot
947 1827 1037 1891 annis
1058 1830 1126 1909 post
1149 1828 1257 1891 lonum
1280 1825 1405 1891 seditio-

236 1945 305 1991 nem
328 1928 473 1992 coortam.
566 1930 569 1935 ’

277 2027 337 2094 Sed
359 2030 461 2094 locum
476 2030 686 2096 Herodoteum
702 2030 877 2114 corruptela
891 2030 1031 2096 laborare
1047 2032 1166 2114 oportet
1181 2030 1268 2095 nohis
1282 2048 1405 2113 persua·

235 2131 373 2209 deamur,
386 2152 457 2198 cum
469 2132 562 2198 lectio
573 2134 671 2214 τρίτῳ
682 2151 737 2197 nec
752 2133 792 2197 ah
803 2132 909 2216 iisqui
926 2132 1115 2217 intellegunt
1132 2134 1224 2196 tertio
1235 2152 1320 2197 anno
1328 2136 1406 2214 post

234 2232 385 2311 thuaneo
399 2235 439 2299 ah
461 2235 501 2299 iis
513 2235 568 2317 qui
583 2239 668 2318 αιτίε,
678 2235 776 2300 facere
793 2235 942 2300 uideatur.
959 2234 1063 2318 Atque
1086 2235 1253 2300 Herbstius
1277 2236 1403 2317 quidem

234 2336 410 2420 suspicatus
421 2337 555 2401 alterum
578 2339 673 2420 τρίτῳ
689 2338 804 2422 (ταῦτα
830 2340 887 2417 μὲν
905 2340 945 2417 δὴ
961 2340 1058 2420 τρίτῳ
1075 2340 1138 2404 ἔτέι
1153 2338 1315 2417 πρότερον
1338 2339 1404 2413 ἐγε-

303 2612 328 2675 t)
346 2610 397 2663 513
413 2610 513 2665 weicht
531 2627 560 2663 er
578 2628 626 2664 aus
644 2611 704 2664 dem
722 2610 872 2665 Chersones
890 2628 938 2665 vor
955 2611 1069 2665 Persern
1086 2610 1119 2680 (ί)
1138 2612 1190 2664 und
1209 2611 1344 2681 Scythen3

301 2700 326 2764 α)
343 2695 393 2748 507
410 2695 476 2749 wird
496 2712 525 2749 er
543 2712 595 2749 von
614 2697 665 2749 den
683 2696 836 2750 Dolonkern
855 2697 925 2749 nach
943 2696 994 2749 den
1012 2695 1162 2750 Chersones
1182 2696 1401 2765 zurichgeiirhrt,

235 2780 276 2833 als
293 2780 337 2834 die
355 2780 478 2851 Skythen
505 2781 648 2835 denselhen
677 2781 746 2835 nach
778 2780 930 2851 djaihrigem
958 2781 1118 2835 Auienthalt
1143 2781 1243 2835 wieder
1270 2781 1404 2835 verlassen

236 2865 333 2929 hahen,
350 2866 403 2919 und
422 2865 519 2919 nimmt
536 2865 598 2919 hald
616 2866 714 2919 darauf
728 2866 772 2919 die
790 2865 858 2920 lnsel
877 2866 1007 2929 Lemnos3

304 2951 334 3018 d)
351 2950 402 3005 494
418 2950 519 3004 weicht
536 2968 566 3005 ar
583 2952 709 3006 eusdem
727 2950 877 3005 Chersones
894 2968 955 3004 aum
975 2951 1089 3005 zweiten
1109 2950 1165 3004 Mal
1186 2952 1239 3004 und
1252 2951 1402 3006 entlrommt

238 3035 309 3089 nach
326 3035 425 3089 Athen.

273 3121 315 3172 Ad
344 3122 371 3189 h)
396 3120 607 3189 intellegendum
634 3122 727 3175 conten
752 3123 940 3188 spitus-..tren
966 3125 1097 3181 τούτων;
1125 3120 1291 3191 intellegitur
1316 3129 1406 3175 autem

239 3208 264 3273 c)
282 3222 315 3259 ex
332 3206 495 3259 correctione
508 3209 595 3275 τρίτῳ
609 3211 653 3262 καί
665 3209 773 3272 δεκάτῳ
786 3210 841 3262 ἔτει
853 3209 1064 3274 πρότεροντῶν
1076 3209 1145 3263 τότε
1157 3227 1201 3271 μιν
1220 3209 1407 3274 κατεχόντων.

272 3291 407 3355 Quantum
424 3299 516 3346 autem
534 3291 567 3344 ad
586 3295 613 3359 α)
631 3298 743 3361 spectat,
760 3292 945 3345 animadverto
964 3292 1117 3345 Herbstium
1131 3310 1165 3346 ex
1178 3292 1406 3345 Pisistratidarum

239 3376 373 3430 mentione
391 3376 531 3445 collegisse
550 3376 701 3430 Miltiadem
719 3383 781 3431 ante
793 3394 893 3430 annum
905 3376 956 3430 514
968 3381 996 3430 iu
1009 3376 1204 3431 Chersonesum
1217 3378 1327 3431 missum
1339 3394 1407 3431 esse.

238 3460 314 3525 Quod
331 3461 454 3529 equidem
473 3478 571 3530 negare
589 3478 642 3515 non
660 3462 744 3515 audeo
762 3469 842 3532 atque
860 3462 926 3515 adeo
944 3463 1024 3530 longe
1041 3464 1098 3515 veri
1116 3463 1204 3516 simile
1217 3463 1298 3517 duco:
1317 3470 1408 3516 tamen

238 3563 286 3616 pro
302 3546 451 3600 certissimo
470 3563 546 3601 nemo
564 3548 591 3600 id
610 3547 762 3602 habendum
780 3548 926 3609 contendit,
943 3565 1004 3602 cum
1023 3547 1091 3600 nihil
1109 3549 1225 3602 sciamus
1240 3549 1310 3601 effici
1331 3564 1408 3617 posse

239 3648 272 3685 ex
290 3631 425 3694 Herodoti,
443 3632 488 3701 qui
506 3633 578 3686 solus
596 3640 689 3687 auctor
707 3634 739 3686 de
757 3633 800 3685 his
818 3634 897 3686 rebus
918 3640 1046 3701 superest,
1065 3633 1233 3687 testimoniis.
1259 3634 1407 3687 Herodotus

239 3717 311 3771 enim
328 3717 385 3783 (VI,
403 3717 464 3785 103)
481 3718 562 3771 tradit
580 3718 726 3780 Cimonem,
753 3717 883 3771 Miltiadis
907 3726 1011 3787 patrem
1029 3722 1177 3775 ἀποθανεῖν
1195 3723 1251 3775 ὑπὸ
1269 3724 1328 3774 τῶν
1346 3722 1406 3773 Πεῐ·

239 3804 392 3870 σιστρότου
404 3803 511 3859 παίδων
522 3806 617 3860 οὐκέτι
629 3806 789 3871 περιεόντος
801 3806 891 3859 αὐτοί)
904 3806 1122 3872 Πεισιστράτου,
1134 3820 1196 3857 cum
1214 3806 1324 3857 tertium
1336 3803 1408 3856 ludis

240 3886 536 3958 Olympicisvictoriam
554 3889 700 3942 rettulisset
718 3885 775 3957 (524
785 3888 845 3942 a.C.
856 3890 908 3957 ιι.);
927 3895 1017 3958 postea
1031 3889 1212 3941 Pisistratidas
1229 3906 1291 3942 eum
1303 3889 1407 3942 misisse

240 3972 268 4025 in
286 3972 489 4027 Chersonesum.
508 3973 559 4028 Sed
578 3974 621 4027 vel
639 3979 782 4057 antequam
795 3973 951 4028 Aristotelis
963 3975 1116 4041 Ἀθηναίων
1127 3977 1251 4030 πολιτεία
1263 3974 1297 4027 ah
1309 3974 1408 4026 iniuria

240 4056 382 4111 oblivionis
394 4057 583 4122 vindicaretur,
593 4058 742 4112 Herodotus
759 4058 817 4128 ipse
835 4058 931 4111 docere
948 4065 1052 4127 poterat
1069 4059 1203 4112 volentem
1221 4068 1280 4129 post
1298 4059 1408 4128 Hippar-

240 4141 321 4195 chum
339 4143 526 4197 ohtruncatum
545 4160 598 4198 non
616 4143 742 4214 Hippiam
759 4143 847 4197 solum
865 4159 898 4196 ex
910 4143 1086 4196 Pisistratidis
1098 4144 1278 4212 superfuisse:
1296 4144 1365 4213 quod
1378 4142 1406 4195 in

240 4226 328 4295 priore
346 4228 424 4281 huius
441 4228 563 4298 opusculi
581 4229 696 4283 aditione
714 4231 785 4299 (pag.
803 4228 864 4297 503)
883 4229 987 4282 ostendi
1011 4229 1083 4296 (vide
1102 4228 1164 4281 Her.
1182 4228 1215 4290 V,
1233 4227 1283 4288 943
1302 4227 1361 4290 Vll,
1377 4228 1408 4291 o;

242 4310 310 4372 Vlll,
327 4312 361 4365 58
379 4313 500 4383 Thucyd.
519 4312 538 4377 l,
555 4314 604 4377 203
622 4313 667 4376 Vl,
685 4312 737 4381 55).
756 4342 788 4353 -
814 4313 883 4377 Quid
903 4319 992 4366 autem
1011 4312 1145 4381 significat
1162 4313 1233 4383 quod
1260 4312 1289 4365 in
1319 4314 1345 4380 t)
1368 4319 1409 4366 est

241 4396 390 4451 Miltiadem
402 4399 552 4467 profugisse
564 4405 627 4453 ante
644 4398 741 4452 Persas
758 4405 785 4452 et
806 4396 942 4469 mythast
970 4414 1035 4450 num
1061 4398 1217 4452 societatem
1244 4396 1350 4467 utrique
1376 4396 1411 4450 ad

242 4481 391 4537 Miltiadem
408 4483 612 4552 opprimendum
629 4483 770 4538 inieruntl
