3600 5317
948 474 1067 528 -6-

425 599 479 684 qui
490 595 667 681 Apollodori
682 594 859 661 testimonio
874 595 972 660 fretus
986 594 1100 660 audeat
1114 594 1295 662 contendero
1309 614 1388 662 anno
1403 598 1464 662 471
1478 615 1506 661 a.
1519 595 1589 662 On.

425 698 639 786 Thucydidem
660 700 770 763 natum
792 717 857 763 esse
879 696 1037 780 (Hermes,
1053 697 1142 776 ibid,
1157 719 1186 782 p.
1207 698 1294 783 292).

465 803 570 886 Atque
591 820 628 866 ea
648 799 776 883 quidem
798 819 877 882 quae
891 799 930 865 de
943 799 1101 865 Hellanici
1117 802 1219 867 aetate
1233 799 1406 866 definienda
1420 800 1592 884 disputarit

424 922 606 990 magnopere
617 901 773 986 probanda
787 901 941 980 videntur,
956 902 1136 985 pracsertim
1147 921 1219 968 oum
1237 901 1348 968 Dielsii
1370 902 1592 968 audacissimos

425 1007 582 1090 opiniones
602 1003 729 1082 refellit,
751 1003 806 1087 qui
836 1005 873 1067 ut
895 1002 1081 1088 Apollodori
1096 1087 1100 1094 q
1114 1004 1331 1069 auctoritatem
1364 1005 1499 1082 tueatur,
1532 1024 1591 1071 non

425 1109 550 1173 dubitat
570 1105 748 1171 abiudicare
770 1105 809 1170 ab
824 1093 992 1170 Hellanico
1010 1104 1188 1172 testimonia
1203 1103 1240 1170 de
1255 1105 1347 1170 rebus
1363 1105 1402 1170 ad
1428 1106 1593 1192 Antigenis

425 1208 580 1274 archontis
601 1206 726 1290 (tosa)
749 1224 864 1270 annum
880 1204 1117 1289 pertinentibus,
1132 1206 1170 1271 ob
1185 1225 1315 1290 eamque
1337 1226 1401 1273 rem
1417 1208 1593 1292 suspicatur

329 1391 331 1394 .
424 1313 456 1376 in
486 1310 575 1376 verbo
610 1309 795 1388 Ἑλλάνικος
830 1308 1037 1391 corruptelam
1074 1307 1181 1385 latere,
1218 1309 1312 1391 atque
1338 1310 1532 1390 Θεόπομπος
1557 1311 1592 1375 ἐν

424 1414 620 1489 Ἑλλανικοῖς
641 1409 868 1476 restituendum
902 1429 967 1476 esse
1000 1408 1057 1494 (1).
1080 1411 1191 1493 Itaque
1222 1411 1306 1475 haud
1340 1412 1497 1477 immerito
1524 1412 1594 1476 Wi-

423 1513 609 1579 lamowitzio
630 1513 796 1595 praeeunte
818 1512 959 1595 plerique
973 1511 1033 1575 viri
1056 1511 1138 1578 docti
1160 1511 1273 1577 Dielsii
1295 1512 1480 1578 sententiam
1496 1514 1594 1596 explo-

424 1618 531 1682 serunt
552 1614 610 1700 (2).
632 1615 781 1680 Attamen
803 1615 854 1678 vin
869 1633 917 1678 res
931 1614 1072 1697 expedito
1093 1615 1140 1679 est
1162 1615 1245 1678 omni
1260 1631 1296 1678 er
1310 1614 1506 1692 difficultate,
1521 1634 1592 1680 cum

424 1738 527 1784 rerum
548 1717 689 1800 scriptor,
710 1716 836 1802 pinguis
858 1716 980 1781 scilicet
1000 1716 1125 1801 ingenio
1146 1718 1240 1798 atque
1266 1715 1305 1781 ad
1331 1718 1430 1782 artem
1452 1717 1593 1782 criticam

424 1819 626 1886 iactitandam
636 1819 770 1901 ineptus,
785 1817 1046 1903 diligentissimus
1060 1819 1163 1883 tamen
1179 1818 1212 1882 in
1227 1819 1366 1883 veterum
1377 1819 1593 1885 historicorum

403 1968 408 1978 .
424 1923 513 1989 libris
527 1920 767 2005 pervolutandis,
779 1920 964 2006 Dionysium
980 1919 1283 1985 Halicarnassensem
1300 1920 1378 1999 dico,
1393 1921 1592 1987 Hellanicum

423 2027 494 2092 ante
509 2024 700 2089 Herodotum
713 2023 852 2089 floruisse
867 2023 999 2089 testetur
1015 2023 1071 2108 (3).
1089 2022 1217 2088 Utinam
1232 2023 1318 2088 nain
1336 2023 1476 2108 Dionysii
1490 2026 1595 2090 aucto·

423 2128 515 2193 ritate
537 2129 568 2192 et
590 2126 649 2193 tide
671 2125 864 2209 acquiescere
886 2144 1075 2209 cogeremur,
1097 2124 1150 2189 sed
1164 2124 1322 2190 Hellanici
1337 2143 1428 2208 opera
1441 2126 1502 2209 ipsi
1517 2127 1594 2192 trac·

396 2268 400 2275 .
423 2232 488 2295 tare
499 2231 672 2313 possamus!
689 2227 748 2293 Sed
764 2229 796 2292 in
810 2227 1064 2304 horumiactura,
1074 2227 1217 2313 Dionysii
1227 2228 1442 2294 testimonium
1453 2247 1594 2312 spernere

423 2332 609 2398 temeritatis
630 2332 687 2412 est,
709 2329 889 2413 pracsertim
912 2349 985 2394 cum
1007 2329 1206 2414 Thucydides
1236 2329 1365 2394 inducat
1392 2330 1594 2397 Hellanioum

423 2435 627 2519 attingentem
657 2432 783 2516 quidem
806 2451 853 2498 res
876 2432 915 2496 ab
941 2431 1182 2520 Atheniensibus
1204 2434 1272 2514 post
1294 2431 1412 2497 bellum
1434 2433 1593 2499 Persicum

424 2539 535 2621 gestas,
557 2535 608 2601 sed
624 2535 670 2600 ita
685 2536 722 2599 ut
735 2534 826 2600 facile
841 2534 975 2617 opineris
990 2533 1205 2618 Thucydidem
1220 2533 1258 2599 de
1273 2534 1437 2600 Hellanico
1452 2535 1541 2618 quasi
1556 2535 1594 2600 de

429 2797 683 2805 ----.-

458 2951 495 3018 (1)
515 2951 612 3004 Rbein.
633 2951 715 3012 Mus..
733 2950 804 3012 ibid,
823 2968 849 3020 p.
862 2950 911 3003 51:
930 2950 949 3003 1.
968 2949 1057 3020 Schol.
1076 2950 1159 3003 Arist.
1176 2951 1255 3012 Rau..
1280 2968 1305 3002 v.
1322 2950 1382 3013 694,
1401 2968 1426 3020 p.
1443 2951 1502 3013 295,
1520 2951 1592 3004 330:

427 3055 441 3087 c
453 3039 528 3101 Τοὺς
545 3036 835 3102 συνναυμαχὴσαντας
854 3038 974 3100 δούλους
986 3037 1142 3100 Ἑλλάνικός
1154 3050 1223 3103 φησι
1235 3038 1477 3103 ὲλευθεριυθήναι...
1489 3039 1594 3092 διεξιὼν

427 3124 462 3177 τὰ
480 3123 523 3177 ἐπὶ
542 3123 717 3185 Ἀντιγένους
735 3126 786 3175 roo
805 3123 860 3186 πρὸ
879 3122 1024 3175 Kallion»
1043 3151 1074 3160 -
1094 3121 1125 3173 ll.
1139 3122 1183 3182 ih,
1196 3121 1237 3184 33,
1250 3138 1275 3189 p.
1286 3120 1346 3182 275,
1358 3121 1405 3173 34:
1419 3139 1435 3172 a
1446 3124 1515 3188 πρὸς
1526 3125 1595 3187 τοὺς

427 3208 561 3274 χρόνους·
580 3209 624 3261 ὅτι
641 3214 683 3272 τῷ
702 3209 831 3273 προτέρῳ
851 3210 905 3261 έτει
934 3208 976 3260 ἐπὶ
1003 3207 1175 3271 Ἀντιγένους
1201 3211 1262 3274 περ1
1289 3208 1470 3273 Ἀργίνουσαν
1497 3210 1594 3263 ἐνίκων

425 3294 562 3360 ναυμαχίᾳ
579 3292 605 3345 οἱ
623 3291 760 3359 Ἀθηναῖοι
778 3294 1003 3358 συμμαχούντων
1016 3294 1126 3346 δούλων
1129 3329 1170 3344 .....
1183 3295 1316 3355 οὕστινας
1329 3294 1548 3359 ἠλευθέρωσαν»
1564 3320 1596 3333 -

428 3376 471 3430 111.
492 3378 536 3438 lo,
554 3377 612 3438 720,
630 3394 654 3446 p.
668 3375 771 3437 216,11
786 3392 793 3432 :
814 3394 830 3427 c
848 3384 889 3442 τῷ
909 3381 1037 3444 προτέρῳ
1050 3380 1106 3432 έτει
1118 3379 1161 3430 έπ1
1173 3377 1347 3442 Ἀντιγένους
1358 3377 1514 3441 Ἑλλάνικός
1527 3393 1596 3446 φησι

426 3467 529 3528 χρυσοῦ
548 3464 669 3528 νόμισμα
686 3467 806 3527 κοπῆναι
818 3466 861 3515 καί
876 3463 1029 3528 Φιλόχορος
1042 3464 1142 3528 ὁμοίως
1156 3465 1191 3515 τὸ
1202 3463 1233 3516 ἐκ
1245 3467 1304 3515 τῶν
1317 3467 1430 3528 χρυσῶν
1442 3468 1529 3517 νικῶν
1531 3501 1571 3515 .....
1578 3482 1593 3515 ›

426 3575 460 3588 -
477 3564 537 3615 pag.
556 3546 602 3599 52:
622 3564 637 3597 ι
655 3547 716 3601 Und
734 3563 791 3599 nun
809 3546 938 3607 vollends,
956 3546 1008 3598 wie
1029 3546 1130 3600 honnte
1154 3546 1329 3616 Thuhydides
1351 3547 1426 3600 aeine
1449 3547 1542 3599 Atthis
1562 3576 1596 3589 -

426 3631 496 3684 deon
514 3632 542 3683 in
562 3632 648 3685 dieser
666 3634 766 3685 mirsste
784 3631 853 3685 doch
871 3631 944 3685 wohl
962 3631 1009 3683 das
1021 3631 1166 3700 Fragment
1178 3631 1386 3700 untergebracht
1397 3634 1505 3686 werden
1518 3649 1592 3686 -so

428 3716 574 3770 erwdhnen
591 3717 643 3769 wie
660 3734 689 3771 es
708 3716 776 3780 that,
795 3716 911 3778 1,97...‘.e
930 3737 944 3768 ν
963 3745 997 3758 -
1015 3716 1148 3785 a...Liegt
1166 3717 1216 3770 den
1239 3723 1394 3785 genanuten
1417 3717 1596 3786 Fragmenten

427 3801 438 3853 l
457 3800 510 3853 und
528 3800 564 3854 lll
582 3801 745 3871 (suspicatur
769 3801 841 3856 enim
868 3801 984 3854 Dielaius
1007 3800 1128 3855 scholion
1147 3799 1168 3852 11
1187 3800 1250 3854 cxl
1273 3801 1462 3855 concinnatum
1484 3806 1552 3869 esse)
1555 3842 1595 3854 .....

427 3884 487 3939 eine
504 3901 608 3953 genaue
628 3885 849 3954 Ueberlieierung
868 3903 901 3938 nu
920 3885 1035 3947 Grande,
1053 3901 1082 3938 so
1101 3885 1136 3937 ist
1153 3885 1200 3939 der
1222 3885 1308 3938 Nama
1325 3885 1451 3938 verkirrat
1468 3887 1522 3939 und
1541 3904 1596 3941 ver·

427 3969 503 4023 derbt
521 3987 569 4023 aus
587 3972 754 4038 Θεόπομπος
771 3973 802 4025 ἐν
819 3972 995 4033 Ἑλλανικοῖς.
1014 3969 1160 4023 Laboraich
1178 3970 1223 4022 frir
1240 3969 1312 4024 diese
1339 3970 1367 4022 in
1394 3970 1460 4024 zwei
1486 3971 1595 4024 Stadien

427 4055 608 4125 eingctretene
626 4056 842 4126 Metamorphose
861 4056 895 4108 ist
912 4056 1057 4110 besondars
1075 4055 1224 4125 Stephanos
1242 4075 1266 4106 ›.

462 4140 500 4208 (2)
518 4140 644 4204 Hermes,
663 4140 736 4200 ibid..
748 4158 773 4209 p.
785 4141 850 4193 293:
871 4143 936 4192 «Ac
947 4140 1007 4210 quis
1029 4140 1135 4194 tandem
1157 4139 1329 4193 historiarum
1350 4141 1438 4194 locum
1458 4140 1595 4195 archontis

426 4225 534 4279 nomine
551 4224 735 4295 significavit?
754 4225 784 4278 ln
801 4226 943 4278 annalibus
960 4232 1065 4278 tantum
1082 4225 1141 4278 fieri
1155 4225 1181 4278 id
1194 4231 1288 4294 potest,
1301 4225 1328 4278 in
1341 4226 1482 4278 annalibus
1494 4226 1595 4279 iactum

427 4317 493 4365 est...
505 4330 529 4364 ›.
549 4312 601 4364 Vix
618 4310 690 4364 enim
708 4310 835 4365 credibile
853 4310 1025 4364 scholiastam
1043 4318 1090 4363 aut
1107 4310 1268 4364 scholiastae
1291 4318 1427 4365 auctorem
1450 4310 1538 4380 ipsum
1561 4311 1595 4362 ad

428 4395 564 4449 annalium
583 4397 696 4450 formam
714 4401 741 4449 et
759 4403 878 4449 tenorem
897 4395 1079 4449 testimonium
1097 4395 1319 4450 accommodasse.

461 4480 499 4548 (3)
517 4480 603 4550 Epist.
621 4481 667 4534 cd.
690 4479 737 4533 On.
759 4479 864 4549 Pomp,
883 4497 908 4549 p.
922 4479 978 4532 129.
