3600 5317
908 399 1045 451 „12-

394 539 577 605 magnopere
591 520 650 585 sibi
673 521 860 586 conciliaret.
888 522 1076 605 dignantem
1098 540 1205 587 censeo
1226 523 1363 587 Dareum
1379 521 1438 587 nisi
1454 524 1560 607 tyran-

395 640 503 686 norum
518 621 594 686 fides
608 620 641 686 in
653 640 684 687 se
699 624 836 706 spectate
851 625 940 701 esset,
956 622 1006 688 vix
1020 623 1060 687 iis
1074 624 1311 689 commissurum
1326 623 1421 690 fnisse
1436 628 1560 709 pontem

394 722 555 809 tuendum,
577 742 637 806 qno
659 723 786 789 rescisso
807 743 875 807 spes
897 725 930 789 in
953 724 1061 790 Asiam
1082 724 1230 791 redeundi
1254 725 1378 790 sublata
1399 727 1480 792 esset
1502 726 1559 810 (1).

395 823 483 905 Quod
497 826 602 890 autem
616 826 847 908 probabilitatis
857 827 990 909 speciem
1002 845 1075 910 prae
1086 847 1118 891 se
1129 827 1190 893 fert
1204 829 1262 892 hoo
1276 829 1333 902 est,
1348 828 1428 911 quod
1444 848 1560 914 regem,

395 946 466 992 oum
500 926 577 991 Susa
600 927 756 992 rediturus
777 931 866 1006 esset,
897 930 1020 993 anctore
1046 929 1200 994 Herodoto
1232 929 1348 996 scimus
1379 930 1560 1014 praefecisse

394 1027 619 1111 Artaphernem
653 1027 801 1094 Sardibus
831 1030 893 1115 (2):
917 1030 1140 1114 Artaphernem
1165 1033 1270 1096 autem
1293 1031 1367 1097 hnic
1399 1033 1559 1116 satrapeae

395 1131 653 1214 praescisseanno
674 1133 747 1212 507,
770 1152 841 1198 cnm
864 1132 1068 1198 Athenienses
1090 1132 1251 1199 Cleomene
1266 1134 1363 1199 eiecto
1378 1136 1410 1199 et
1424 1133 1561 1200 Clistenn

395 1235 533 1299 revocato
555 1233 713 1298 misissent
734 1234 772 1299 ad
794 1253 864 1299 enm
880 1234 999 1320 legatos
1013 1236 1120 1318 (Han,
1142 1235 1181 1314 V,
1205 1236 1269 1317 72),
1292 1236 1346 1318 qui
1368 1234 1474 1301 foedus
1501 1235 1562 1300 ini·

394 1337 472 1400 rent.
488 1334 591 1400 Velim
603 1335 747 1418 equidem
763 1336 989 1402 animadvertas
1011 1337 1043 1402 in
1065 1337 1157 1403 verbo
1171 1339 1379 1417 καταστήσας
1394 1338 1457 1402 rim
1472 1337 1560 1401 insti·

395 1437 501 1503 tuendi
523 1437 657 1521 profecto
678 1438 787 1518 inesse,
809 1458 867 1504 non
890 1440 937 1504 ita
967 1440 1072 1504 tamen
1095 1441 1132 1503 ut
1152 1458 1276 1522 prorsus
1298 1459 1445 1525 negemus
1467 1439 1561 1503 Arta-

395 1541 540 1623 phemsm
562 1543 634 1606 ante
660 1540 837 1626 Scythicam
859 1541 1082 1624 expeditionem
1115 1542 1232 1627 Lydiae
1254 1560 1393 1624 praeesse
1414 1541 1560 1625 potuisse.

395 1641 476 1707 Nam
491 1662 562 1707 curu
574 1643 782 1726 Artaphernes
797 1662 901 1729 regem
916 1645 949 1708 in
966 1643 1125 1728 Scythiam
1140 1644 1382 1729 proficiscentem
1397 1644 1561 1709 secuturus

397 1746 485 1824 esset,
500 1746 637 1828 oportuit
651 1746 706 1810 alii
721 1746 879 1830 provincia
893 1747 1027 1830 regenda
1041 1748 1303 1813 committeretur:
1319 1766 1390 1812 cum
1406 1748 1510 1812 antem
1527 1747 1559 1811 in
1579 1741 1583 1749 ’

395 1848 503 1912 Asiam
518 1868 570 1913 rer
584 1848 781 1926 rediret‚iieri
796 1850 899 1933 potuit
910 1851 948 1913 ut
958 1868 1009 1914 rer
1021 1849 1134 1914 iterum
1142 1849 1390 1932 Arthaphemem
1402 1850 1561 1931 satrapeae

394 1949 573 2034 praeficeret
588 1950 646 2035 (3).
668 1949 766 2032 Atqui
789 1950 869 2014 nihil
885 1949 1092 2015 dubitandum
1112 1950 1159 2014 est
1179 1950 1255 2033 quin
1278 1948 1452 2014 Herodotus
1472 1947 1562 2012 nulla

395 2052 512 2118 ratione
534 2052 642 2116 habita
663 2052 786 2135 imperii
809 2053 942 2118 anteacti
966 2052 1066 2118 dicere
1088 2051 1225 2135 potuerit
1241 2053 1457 2131 καταστήσας,
1472 2068 1561 2133 prae·

395 2154 501 2220 sertim
518 2174 591 2219 cnm
604 2173 693 2220 nemo
706 2153 854 2220 Graecam
870 2174 934 2220 esse
949 2154 1080 2220 formam
1095 2154 1365 2231 ἀνακαταστήσας
1380 2151 1561 2217 contendere

394 2256 515 2322 audeat.
537 2257 701 2322 Praeterea
725 2275 798 2322 casn
824 2260 856 2322 et
880 2256 1009 2322 fortuito
1035 2256 1101 2321 fieri
1130 2259 1231 2338 potest
1251 2256 1289 2318 ut
1308 2253 1491 2332 Herodotus,
1520 2252 1559 2317 ad

393 2358 595 2444 Artaphernis
616 2359 784 2443 imperium
812 2361 1017 2425 constitutum
1039 2358 1295 2444 significandum,
1317 2357 1446 2421 verbum
1470 2377 1561 2421 κατα-

396 2463 521 2542 στήσας
543 2461 751 2546 usurpaverit,
774 2461 813 2526 ad
836 2461 961 2545 Otanis,
984 2462 1160 2539 ἀπαδέξαςι
1183 2461 1287 2525 tamur
1310 2477 1369 2524 non
1399 2476 1562 2542 possumus

395 2565 494 2629 facere
518 2565 593 2647 quin
620 2565 677 2630 hoc
698 2565 846 2630 vocabulo
880 2565 984 2647 aptius
1016 2563 1183 2647 imperium
1205 2580 1330 2646 prorsus
1351 2560 1561 2626 instauratum

395 2666 549 2751 designari
583 2666 780 2732 arbitremur.

438 2768 502 2834 Neo
524 2769 694 2852 quidquam
716 2769 792 2834 licet
813 2767 959 2853 colligere
980 2788 1016 2834 er
1037 2786 1073 2833 eo
1087 2767 1178 2859 qnod,
1194 2786 1265 2832 curn
1289 2768 1410 2830 Dareus
1430 2765 1463 2829 in
1487 2763 1563 2848 Scy-

395 2871 494 2936 thiam
509 2870 761 2954 proficisceretur,
776 2871 875 2936 Barca
890 2888 909 2934 a
924 2870 1026 2935 Persis
1048 2869 1129 2935 bello
1144 2869 1316 2953 petebatur.
1332 2868 1476 2933 Efficitnr
1491 2884 1564 2930 vero

396 2973 548 3039 Herodoto
561 2972 815 3056 adstipulandum
829 2992 894 3039 esse
917 2992 952 3037 er
973 2973 1031 3037 hoo
1053 2972 1134 3055 quod
1157 2970 1343 3036 (lmecornm
1359 2974 1561 3054 tyrannorum

395 3076 517 3140 tantum
550 3076 646 3141 classe
679 3078 798 3142 Dareus
830 3076 862 3141 in
886 3074 1046 3161 Scythiam
1076 3075 1268 3159 proficiscens
1301 3074 1457 3151 utebatur,
1490 3091 1562 3137 cum

430 3304 468 3372 (1)
486 3304 582 3359 Herod.
595 3304 640 3368 IV,
653 3304 717 3358 138:
737 3307 827 3373 ιήσαν
845 3308 876 3359 δὲ
894 3307 974 3360 οὗτοι
993 3305 1028 3372 (cl
1046 3307 1100 3370 τήν
1118 3304 1276 3359 Μιλτιάδεω
1292 3304 1407 3369 γνώμην
1425 3301 1561 3367 ἑλόμενοι)

396 3392 423 3446 nl
439 3393 619 3457 bicorpores<
635 3394 689 3456 τήν
706 3397 805 3458 ψῆφον
823 3393 867 3444 καί
895 3391 1034 3454 ὲοντες
1060 3391 1179 3453 λόγου
1205 3392 1301 3453 πρὸς
1327 3389 1461 3452 βασιλέος,
1473 3385 1564 3453 Ἐλλη-

396 3476 539 3531 σπαντίων
557 3478 606 3542 μὲν
624 3478 758 3543 τύραννοι
775 3478 885 3542 Δάφνις
901 3479 931 3530 δὲ
943 3476 1094 3543 Ἀβυδηνὸς
1105 3477 1150 3530 καί
1160 3476 1309 3537 Ἵπποκλος
1323 3472 1562 3539 Λαμψακηνός...ν.

397 3559 490 3630 ltaque
500 3560 604 3613 etiamsi
614 3560 675 3614 voci
687 3560 720 3615 de
731 3560 886 3630 quaestione
898 3560 1001 3629 agitata
1014 3576 1078 3612 num
1096 3574 1163 3629 pons
1181 3556 1296 3611 rescindi
1309 3556 1417 3610 deberet
1434 3556 1501 3609 fides
1519 3554 1563 3607 tri·

396 3647 502 3708 buntur,
519 3646 603 3715 liquet
628 3662 661 3699 ex
687 3645 813 3700 Herodoti
840 3645 993 3699 testimonio
1019 3644 1180 3715 Hippoclnm
1198 3642 1298 3696 dudum
1322 3642 1351 3694 in
1374 3641 1475 3694 honore
1492 3639 1562 3709 apud

396 3746 487 3799 regem
505 3730 646 3785 Persarum
665 3731 755 3785 fnisse.

430 3816 466 3884 (2)
484 3816 581 3870 Herod.
598 3817 631 3880 V,
648 3817 695 3870 25:
717 3819 947 3882 ι...καταστήσας
964 3817 1154 3882 Ἀρταφρένεα
1171 3815 1310 3880 ἀδελφεόν
1329 3814 1438 3868 ἑωυτοῦ
1457 3812 1564 3878 ὁμοπά·

396 3918 475 3968 τριον
493 3905 619 3971 ὕπαρχον
636 3903 704 3957 εἶναι
723 3903 856 3970 Σαρδίων,
874 3904 1017 3966 ἀπήλαυνε
1035 3903 1062 3965 ἐς
1080 3902 1176 3954 lobon
1193 3901 1249 3964 ἀμα
1274 3899 1408 3964 ἀγόμενος
1425 3897 1564 3958 Ἱστιαῖον,

396 3987 515 4041 Ὀτάνεα
533 3988 563 4040 δὲ
580 3988 713 4052 ἀποδέξας
732 3991 893 4054 στρατηγόν
910 3988 979 4040 είναι
996 3992 1057 4039 τῶν
1074 3982 1309 4051 παραθαλασσίων
1326 3983 1437 4047 ἀνδρῶν
1458 3998 1484 4031 ν.

431 4071 466 4140 (3)
484 4071 552 4124 Vide
567 4070 663 4124 Herod.
677 4070 720 4134 lll,
732 4070 782 4125 89:
796 4073 939 4136 «ποιήσας
952 4072 983 4125 δὲ
995 4075 1087 4124 ταῦτα
1105 4070 1135 4123 ἐν
1147 4069 1254 4137 Πέρῃσι
1266 4068 1352 4133 ἀρχάς
1365 4066 1564 4130 κατεστήσατο

396 4159 489 4219 είκασι,
507 4159 556 4223 τάς
575 4159 655 4211 αὐτοὶ
673 4158 804 4211 καλέουσι
822 4156 1024 4222 σατραπείας».
1043 4153 1094 4206 Sed
1108 4158 1246 4221 satrapeae
1264 4156 1327 4203 ante
1345 4150 1460 4203 Dareum
1477 4154 1564 4210 erent,

396 4257 447 4295 nec
458 4241 602 4312 quidquam
613 4240 687 4294 aliud
699 4241 799 4294 Dareus
812 4240 876 4295 iecit
886 4240 939 4293 nisi
951 4238 1082 4309 satrapeis
1094 4237 1224 4307 praefecit
1236 4250 1298 4288 snos
1310 4235 1393 4304 ipsius
1406 4235 1518 4303 legatos.
1529 4260 1564 4274 -

396 4325 464 4381 Vide
474 4326 518 4390 Vl,
531 4326 580 4379 40:
594 4328 712 4392 «Οὗτος
729 4330 746 4383 ό
765 4328 887 4394 Κίμωνος
906 4324 1059 4391 Μιλτίαδης
1076 4326 1179 4378 νεωστί
1197 4324 1327 4389 ἐληλύθεε
1337 4323 1383 4387 (2
1391 4319 1564 4387 dvebqtnbsei

397 4414 425 4476 ἐς
442 4413 621 4482 Χερσόνησον
639 4431 663 4464 ν.
