3600 5317
754 469 888 521 ..21-

234 589 357 655 circiter
378 591 441 654 494
463 589 510 674 (1)
532 609 604 655 cum
629 589 768 655 Athenas
789 593 875 656 metu
897 591 1005 656 classis
1027 592 1217 658 Phoenicum
1250 593 1405 676 impulsus
1429 623 1431 627 ·

234 692 362 758 redisset
383 694 414 757 et
436 690 658 758 Chersonesum
679 692 807 775 petisset
827 691 922 776 paulo
955 693 1026 757 ante
1049 693 1205 777 (nemori),
1228 695 1278 759 vir
1305 696 1405 760 multo

233 796 304 860 ante
327 814 441 860 annum
465 794 537 873 505,
560 794 693 879 effugere
715 795 852 877 potuerit
873 793 1022 879 Scythas,
1045 815 1141 878 eaque
1174 797 1211 861 de
1233 816 1326 862 eausa
1349 800 1405 862 aut

233 897 339 962 eodem
361 915 440 961 anne
462 899 518 961 aut
539 898 694 980 superiore
717 899 836 963 Dareus
858 896 1019 983 Scythiam
1042 899 1138 982 copiis
1160 900 1295 983 petierit.
1318 900 1405 966 Haeo

232 1000 316 1065 omni
338 1000 501 1105 antecapta
521 1000 716 1084 persuasione
739 1003 857 1065 remota
879 1019 915 1065 ex
947 1001 1136 1066 testimoniis
1158 1002 1241 1066 libra
1274 1004 1305 1067 et
1338 1023 1404 1068 exa·

235 1335 334 1387 tionem
352 1334 438 1387 solum
456 1334 630 1403 Pelasgorum
649 1335 750 1388 mentio
778 1335 924 1389 iniceretur
945 1335 1052 1392 (Herod.
1072 1336 1104 1399 V,
1121 1335 1174 1401 26).
1193 1335 1244 1389 Sed
1263 1353 1278 1388 a
1298 1352 1341 1389 me
1358 1336 1405 1387 im·
1496 1383 1501 1390 .

234 1427 339 1487 patrare
357 1435 410 1472 non
429 1436 535 1488 possum
555 1426 583 1472 ut
601 1419 707 1472 credam
726 1418 877 1473 Miltiadem
895 1426 954 1489 post
975 1420 1117 1473 Persarum
1141 1420 1282 1474 victoriam
1306 1419 1339 1473 ad
1357 1420 1407 1473 Mi·

234 1504 318 1558 letum
336 1503 437 1558 Lemno
455 1504 536 1573 potiri
556 1505 681 1575 potuisse.
699 1504 773 1568 Quae
791 1504 872 1558 tradit
890 1505 1015 1566 Dionen,
1034 1505 1069 1567 X,
1081 1504 1106 1569 9,
1117 1504 1143 1568 6.
1161 1505 1328 1575 patefaciunt
1348 1505 1405 1560 eius

232 1595 369 1661 auctorem
387 1605 476 1643 rerum
494 1595 631 1658 gestarum
649 1589 745 1643 seriem
764 1596 791 1643 et
809 1589 929 1644 ordinem
948 1606 981 1642 ex
994 1588 1151 1644 Herodoteis
1164 1590 1230 1644 loeis
1243 1589 1288 1652 Vl,
1302 1589 1351 1644 140
1363 1607 1409 1659 sq„

234 1673 348 1744 pessime
365 1673 509 1728 intellectis
528 1675 675 1727 refluxisse.
693 1673 833 1728 Cornelius
851 1674 940 1745 Nepos
958 1676 1040 1742 (Mitt.
1061 1676 1088 1742 2)
1106 1681 1195 1729 autem
1214 1675 1320 1728 videtur
1339 1675 1405 1728 hau·

236 1760 301 1812 sisse
319 1775 351 1811 ex
370 1766 478 1812 auctore
495 1761 541 1829 qui
560 1759 676 1812 insulam
695 1759 825 1814 Lemnum
843 1768 906 1813 ante
925 1759 1017 1813 lenum
1030 1760 1206 1814 defectionem
1224 1760 1253 1813 in
1271 1760 1403 1813 Miltiadis

236 1851 393 1913 potestatem
412 1844 546 1897 redactam
565 1860 623 1898 esse
642 1845 818 1898 constituerit.
837 1845 929 1913 ltaque
948 1846 970 1898 si
988 1844 1128 1898 Cornelius
1145 1854 1280 1899 auctorem
1299 1845 1351 1898 tide
1369 1846 1406 1897 di-

234 1946 316 1998 gnum
335 1946 399 1999 prae
417 1946 445 1983 se
463 1930 515 1983 fert
532 1946 607 1992 cum,
623 1937 764 1999 postquam
781 1931 917 1983 enarravit
935 1931 1066 2000 quemodo
1084 1930 1221 1984 Miltiades
1244 1931 1344 1984 Lemno
1363 1947 1404 1999 po·

236 2015 299 2067 titus
316 2021 394 2077 esset,
407 2014 472 2068 dicit
485 2015 570 2083 (Mart.
580 2015 607 2081 3)
620 2034 635 2066 s
647 2014 754 2070 Eisdem
772 2016 936 2085 temporibus
953 2016 1096 2069 Persarum
1114 2033 1160 2070 rex
1180 2015 1275 2069 Darius
1293 2033 1327 2070 ex
1339 2016 1404 2068 Asia

235 2100 263 2153 in
281 2100 415 2169 Europam
434 2100 552 2153 exercitu
571 2100 684 2153 traiecto
702 2100 810 2170 Scythis
828 2101 928 2154 bellum
948 2101 1047 2155 inferre
1066 2101 1220 2164 decrevit»,
1233 2107 1339 2154 nostrae
1352 2101 1405 2170 opi-

234 2185 327 2238 niones
351 2184 460 2238 minime
487 2185 693 2246 labefactantur,
711 2186 734 2238 si
753 2186 859 2255 quidem
888 2186 957 2238 nihil
983 2193 1088 2240 constat
1105 2186 1404 2256 quandoMiltiadesa

235 2269 410 2324 Pisistratidis
418 2269 613 2324 Chersonesum
627 2271 725 2325 missus
736 2272 772 2325 sit
781 2271 847 2340 (Cir.
858 2290 882 2341 p.
894 2271 927 2323 19
936 2267 1044 2339 adnot).
1063 2273 1112 2326 Sed
1128 2274 1173 2325 vix
1185 2274 1265 2326 verba
1277 2292 1290 2323 α
1304 2273 1404 2328 eisdem

234 2355 398 2425 temporibus
410 2373 424 2408 ν
438 2356 552 2409 strictim
570 2363 598 2410 et
615 2373 706 2426 presse
725 2357 881 2428 accipienda
899 2365 961 2411 sunt
978 2359 1048 2428 apud
1066 2365 1202 2413 auctorem
1214 2359 1260 2428 qni
1272 2375 1333 2411 cum
1353 2376 1405 2411 ma·

235 2440 327 2495 luisset
344 2440 445 2496 rivulos
462 2443 615 2495 consectari
628 2459 709 2512 quam
727 2442 815 2496 tontes
827 2442 909 2506 adire,
921 2459 1113 2513 saepenumero
1130 2444 1283 2513 turpissime
1296 2445 1404 2498 erravit,

235 2525 327 2579 Nihilo
346 2525 434 2579 miuus
447 2527 654 2596 comparandum
667 2527 735 2582 duco
754 2528 937 2582 testimonium
956 2528 1146 2598 Nepotianum
1166 2528 1285 2582 Tabulae
1302 2528 1405 2598 Capito·

235 2611 306 2664 linae
329 2610 428 2666 indicio
447 2611 464 2663 l.
478 2609 556 2664 lia-18
580 2614 655 2679 «ἀφ’
673 2615 708 2669 οὗ
727 2614 869 2681 Ἁρμόδιος
887 2619 932 2670 καί
950 2616 1162 2682 Ἀριστογείτων
1180 2617 1332 2682 Ἵππαρχον
1354 2617 1406 2669 τὸν

235 2700 376 2765 τύραννον
407 2700 516 2761 ἀγεῑλον
543 2702 586 2753 rol
613 2700 732 2766 Δαρεῖος
759 2700 802 2754 ἐπὶ
826 2701 935 2763 Σκύθας
962 2702 1037 2768 διέβη
1067 2702 1161 2764 Ζεύξας
1184 2703 1235 2755 τὸν
1260 2701 1405 2767 Κιμμέριον

236 2782 384 2848 Βόσπορον
402 2787 451 2852 ἔτη
469 2771 527 2851 mm]
538 2803 552 2833 »
566 2788 638 2846 (ante
656 2782 855 2853 chronographi
868 2792 983 2839 aetatem
996 2808 1030 2829 =
1041 2784 1093 2836 242
1110 2786 1144 2837 ab
1162 2785 1234 2839 Urbe
1252 2784 1359 2840 condita
1372 2809 1406 2829 =

234 2865 285 2920 512
302 2884 326 2919 a.
338 2866 388 2920 Ch.
401 2871 445 2934 n).
463 2868 561 2932 Quodsi
580 2875 673 2922 auctor
685 2868 803 2923 Cornelii
822 2869 941 2939 Nepotis,
955 2869 1117 2924 Herodotum
1130 2877 1245 2931 secutus,
1259 2870 1406 2923 testabatur

234 2951 385 3006 Miltiadem
402 2969 417 3005 a
436 2952 612 3008 Pisistratidis
625 2953 821 3009 Chersonesum
840 2954 950 3008 missum
964 2960 1115 3024 essentque
1133 2955 1229 3009 iisdem
1242 2955 1406 3025 temporibus

235 3038 350 3092 Dareum
373 3038 481 3109 Scythis
503 3039 603 3093 bellum
626 3039 766 3103 intulisse,
783 3041 840 3094 veri
859 3039 948 3094 simile
970 3046 1011 3093 est
1034 3040 1269 3110 chronographum
1286 3039 1405 3094 Cornelii

234 3122 345 3193 Nepotis
358 3124 414 3178 lere
423 3125 571 3194 aequalem,
581 3142 614 3180 ex
622 3124 715 3179 eodem
728 3126 803 3178 fonte
812 3142 864 3194 quo
873 3124 1022 3187 Cornelius,
1032 3124 1160 3179 hausisse·
1169 3125 1335 3195 Quapropter
1347 3125 1405 3179 lieri

234 3216 321 3279 potest
339 3215 368 3259 ut
385 3208 514 3262 indicium
532 3209 602 3280 quod
619 3209 717 3264 fefellit
735 3209 892 3263 Dmrkernm
910 3209 1030 3280 aliosque
1048 3210 1216 3272 recentiores,
1235 3210 1305 3279 apud
1323 3210 1404 3264 ehre-

234 3293 403 3362 nographum
422 3294 511 3347 valere
530 3295 653 3363 potuerit,
673 3295 711 3347 ita
729 3301 759 3348 ut
777 3301 955 3365 tempusque
974 3295 1144 3364 Hipparchus
1162 3295 1339 3365 interemptus
1356 3305 1404 3358 est,

234 3386 363 3432 statueret
381 3379 522 3432 terminum
550 3387 608 3450 post
633 3396 712 3450 quem
739 3381 841 3434 Dareus
866 3397 920 3434 non
946 3380 1076 3451 potuisset
1102 3380 1240 3451 Scythiam
1268 3382 1404 3435 invadere.

235 3465 286 3518 Sed
304 3472 394 3519 tamen
412 3466 479 3518 mihi
498 3467 526 3518 in
544 3466 634 3520 animo
651 3473 692 3520 est
710 3467 798 3536 potius
817 3468 935 3534 ἀπορίαν
961 3482 1108 3536 proponere
1126 3483 1207 3536 quam
1225 3467 1405 3521 coniecturam

234 3552 361 3619 proferre.
765 3538 767 3542 ’

264 3636 303 3705 (1)
321 3636 362 3688 Ad
380 3644 500 3706 tempora
518 3637 587 3690 inter
606 3637 698 3691 lenum
716 3637 893 3691 delectionem
912 3646 938 3690 et
958 3654 1075 3707 pugnam
1093 3637 1292 3691 Marathoniam
1313 3636 1405 3690 discri-

232 3721 318 3776 benda
336 3729 481 3792 suppetunt
493 3722 667 3776 disertissima
680 3723 787 3793 quidem
800 3723 927 3776 Herodoti
942 3723 1105 3785 testimonia,
1116 3740 1184 3792 quae
1197 3730 1287 3775 tamen
1299 3740 1352 3775 non
1362 3740 1405 3775 va·

235 3807 291 3859 lent
302 3807 335 3859 ad
349 3807 494 3861 tollendam
507 3809 716 3862 controversiam
729 3809 761 3862 de
774 3808 901 3861 minimis.
913 3795 980 3861 vide
994 3809 1115 3869 Batnon,
1129 3825 1153 3862 ο.
1163 3825 1196 3870 a,
1207 3808 1226 3869 1,
1235 3807 1293 3869 354,
1306 3807 1367 3860 adn.
1376 3808 1405 3868 23

234 3891 352 3959 Bersera,
371 3892 413 3955 114,
430 3893 489 3955 537,
507 3893 568 3946 adn.
581 3893 605 3945 3.
625 3893 755 3962 liquidem
774 3894 923 3963 putaverim
943 3910 996 3947 non
1014 3910 1085 3946 anno
1103 3893 1149 3946 sed
1166 3892 1218 3946 495
1229 3897 1335 3962 captam
1347 3909 1404 3946 esse

234 3975 374 4038 Miletum;
392 3978 461 4046 quod
479 3978 501 4030 si
527 3977 660 4047 ponimus,
679 3984 829 4048 temporum
852 3979 921 4032 ratio
939 3986 1033 4033 exacta
1052 3978 1085 4031 ad
1103 3977 1229 4031 Herodoti
1254 3978 1404 4031 testimonia

233 4061 357 4130 congruit
374 4079 436 4115 cnm
454 4069 572 4131 tempore
590 4062 740 4117 certissimo
758 4081 866 4133 pugnae
892 4063 1088 4118 Marathoniae.
1116 4062 1156 4115 Ita
1183 4062 1253 4116 enim
1280 4066 1404 4131 δεύτεραι

232 4148 288 4201 ἔτει
307 4146 364 4214 (Vl,
379 4146 422 4213 31)
441 4147 574 4201 exercitus
592 4147 736 4201 Persarum
754 4149 854 4218 potitus
871 4148 940 4203 Chio
958 4157 986 4202 et
1005 4149 1090 4201 Lesbo
1107 4155 1135 4202 et
1148 4148 1256 4202 Tenedo
1273 4148 1346 4215 (494)
1364 4147 1405 4200 de·

234 4231 314 4284 vertit
331 4231 364 4284 ad
381 4231 593 4286 Chersonesum:
613 4233 683 4303 quod
701 4234 760 4286 fieri
780 4234 865 4303 potuit
885 4234 977 4288 eodem
992 4250 1069 4287 anno.
1082 4236 1160 4286 Anno
1173 4233 1321 4301 insequenti
1333 4230 1404 4300 (493)

231 4319 287 4382 ἅμα
304 4325 345 4384 τῷ
363 4318 408 4384 ἦρι
427 4317 483 4383 (vl,
501 4318 545 4385 43)
563 4318 720 4372 Mardonius
739 4317 858 4371 lustratis
876 4318 989 4371 Ciliciae
1009 4318 1117 4370 urbibus
1135 4325 1162 4371 et
1180 4317 1311 4369 institutis
1324 4333 1403 4386 popu·

176 4392 177 4395 ¹
234 4400 334 4455 laribus
360 4403 388 4455 in
415 4403 524 4456 Graecis
542 4402 697 4458 civitatibus
724 4403 847 4466 conditis,
870 4404 1009 4458 festinavit
1035 4403 1069 4455 ad
1096 4402 1315 4472 Hellespontum:
1343 4419 1403 4456 cum

232 4486 290 4540 eius
307 4486 401 4540 classis
419 4489 486 4554 ῥίγει
503 4487 570 4555 (Vl,
587 4486 636 4556 44)
658 4489 830 4559 naufragium
849 4489 971 4549 fecisset,
989 4488 1046 4540 veri
1072 4488 1160 4541 simile
1182 4494 1221 4541 est
1246 4504 1297 4541 non
1316 4487 1405 4541 hieme
