3600 5317
971 456 1091 510 -8-

447 580 606 647 crederes?
629 582 676 665 (l)
698 580 862 645 Praeterea
881 597 956 644 cnm
978 578 1156 644 innitantur
1187 595 1223 644 eo
1255 579 1337 661 qnod
1361 579 1536 646 Herodotus
1557 601 1617 647 non

447 682 614 749 excusserit
634 682 745 748 seriem
767 680 960 747 sacerdotum
974 679 1163 766 Argirarnm
1181 680 1221 745 ab
1242 680 1407 747 Hellanioo
1427 682 1616 749 elaboratam

449 787 482 852 et
502 784 666 851 Atthidem
688 785 798 869 ipsam,
820 782 947 849 videant
968 801 1006 849 ne
1028 782 1174 867 vulgatae
1195 783 1268 849 inde
1289 784 1328 849 ab
1350 784 1534 869 Apollodoro
1549 785 1614 870 opi-

449 887 535 954 nioni
552 886 733 972 plusquam
754 905 810 969 par
824 888 871 952 est
885 875 1065 969 opponatur.
1078 885 1160 949 Nam
1172 885 1347 952 Herodotus
1361 905 1440 952 anno
1454 888 1518 952 444
1533 888 1616 954 Thu·

447 989 509 1055 rios
530 989 689 1075 migrarit,
701 1007 840 1055 reversus
854 990 962 1053 autom
976 987 1115 1052 Athenas
1129 989 1198 1071 post
1212 1006 1328 1053 annum
1344 990 1418 1069 432,
1432 990 1526 1073 paulo
1546 994 1616 1074 post

446 1092 534 1158 obiit
558 1092 667 1175 ltaque
689 1110 762 1157 cum
788 1089 973 1156 Hellanicus
999 1089 1149 1172 aequalis,
1171 1090 1313 1173 quamvis
1334 1091 1444 1171 senior,
1467 1092 1615 1159 Herodoti

447 1194 622 1272 inducatur,
643 1194 746 1259 multa
767 1211 858 1277 opera
879 1192 1047 1276 composita
1069 1194 1101 1257 et
1121 1192 1154 1256 in
1170 1194 1284 1278 vulgus
1304 1193 1390 1259 edita
1410 1194 1507 1260 inisse
1528 1214 1616 1279 posse

445 1299 514 1382 post
534 1295 683 1363 Herodoti
704 1295 850 1362 historias
863 1295 1062 1378 conscriptas,
1076 1313 1167 1359 nemo
1181 1297 1228 1360 est
1242 1297 1318 1378 quin
1333 1296 1453 1371 rideat3
1465 1299 1497 1362 et
1511 1298 1615 1364 hercle

444 1400 541 1466 ctiam
564 1399 766 1465 novissimum
787 1397 940 1463 Theodori
963 1397 1133 1462 Mommsen
1156 1416 1232 1481 opus
1254 1398 1336 1480 qnod
1360 1424 1377 1457 ‹
1399 1398 1573 1465 Strafrecht
1594 1427 1612 1460 ›

446 1501 628 1568 inscribitur
649 1500 769 1567 editum
789 1503 839 1567 est
859 1503 929 1585 post
950 1501 1106 1582 utrunque
1127 1499 1270 1565 volumen
1294 1501 1440 1567 historiae
1461 1501 1614 1567 Romano-

446 1624 517 1670 rum
539 1605 578 1670 ab
600 1604 732 1670 Hectore
753 1604 827 1669 Pais
848 1603 1066 1686 conscriptum.

488 1705 603 1773 Omnes
624 1705 825 1771 difficultates
846 1705 917 1771 tolli
932 1724 1018 1788 posse
1031 1706 1223 1772 existimarit
1236 1704 1362 1789 Lipsius
1377 1724 1449 1771 cnm
1463 1708 1615 1774 statueret

446 1807 865 1891 scholiastemAristophanis
876 1806 1016 1872 hausisse
1027 1827 1062 1873 er
1073 1808 1156 1874 fonte
1167 1809 1221 1873 ubi
1229 1808 1406 1873 testimonia
1413 1827 1449 1873 er
1456 1805 1613 1875 Hellanioi

453 1912 590 1995 itemque
602 1910 779 1976 Philochori
797 1909 960 1994 desumpta
975 1909 1191 1995 reperirentur,
1203 1913 1296 1993 atque
1312 1910 1344 1975 in
1356 1911 1397 1974 iis
1408 1911 1613 1977 exscribendis

448 2033 496 2080 res
514 2013 669 2098 Antigene
696 2012 840 2077 archonte
861 2012 959 2096 gesta,
975 2031 1054 2096 quae
1082 2013 1182 2078 solnm
1205 2012 1408 2077 Philochorus
1435 2015 1614 2095 persecutus

447 2117 535 2191 emet,
547 2114 624 2181 falso
633 2115 673 2179 ab
684 2113 848 2180 Hellanioo
859 2132 981 2197 qnoque
991 2114 1147 2180 enucleari
1162 2114 1333 2197 fecissem).
1347 2112 1449 2194 Quam
1461 2115 1612 2181 coniectu·

446 2236 513 2282 ram
528 2220 565 2281 nt
575 2217 790 2300 improbarem,
803 2214 880 2279 mihi
892 2217 969 2281 satis
980 2215 1042 2281 fuit
1058 2216 1284 2301 Aristophanae
1305 2215 1423 2281 scholia
1446 2216 1611 2287 resolvere.

447 2317 633 2385 scholiastes
643 2318 725 2383 enim
737 2317 777 2383 ad
787 2318 988 2383 Hellanicnm
999 2319 1196 2402 potissimum
1211 2317 1338 2402 respicit
1352 2317 1405 2402 (V.
1421 2320 1480 2402 p.6
1491 2319 1560 2385 adn.
1571 2321 1612 2404 1),

444 2440 516 2486 cnm
528 2420 747 2486 Philochorum
758 2422 882 2485 tantum
893 2420 1050 2486 occasione
1061 2421 1175 2501 oblata,
1186 2422 1224 2486 ut
1234 2420 1376 2486 ostendat
1385 2423 1542 2504 utrunque
1557 2441 1611 2487 an-

445 2522 566 2588 nalium
577 2522 758 2606 scriptorem
769 2521 851 2587 inter
864 2540 897 2587 se
912 2523 1081 2601 concinere,
1097 2522 1231 2607 proferre
1245 2523 1398 2589 videatur.
1415 2522 1498 2604 Quid
1512 2523 1612 2610 igitur

445 2613 654 2713 colligendum
675 2625 745 2689 est?
767 2622 878 2690 Fateor
898 2643 949 2689 me
970 2623 1003 2688 in
1026 2626 1083 2689 hac
1105 2644 1138 2690 re
1159 2643 1274 2710 magna
1294 2624 1489 2691 dubitatione
1513 2625 1610 2693 teneri

445 2746 481 2794 ao
502 2744 686 2812 magnopere
707 2724 850 2792 dubitare
872 2745 947 2791 num
970 2745 1019 2791 res
1039 2746 1189 2810 nmquam
1211 2726 1347 2811 expediri
1369 2727 1483 2812 possit:
1507 2747 1612 2811 qnam·

445 2851 539 2917 quam
561 2833 703 2899 existimo
719 2851 779 2898 non
794 2832 951 2898 immerito
966 2832 1046 2898 riros
1060 2833 1163 2898 doctos
1178 2833 1411 2899 Wilamorritaii
1427 2834 1611 2899 sententiam

446 2935 639 3019 praetulisse,
661 2934 716 3018 qni
738 2934 939 3001 Hellanicnm
967 2936 1036 3019 post
1067 2934 1258 3001 Herodotum
1291 2935 1430 3001 floruisse
1452 2936 1609 3001 statuerit.

445 3036 660 3102 Nihilominus
681 3035 874 3121 Thucydidis
894 3037 997 3116 verba,
1019 3037 1134 3119 quibus
1148 3036 1347 3102 Hellanicnm
1364 3040 1525 3117 memorat,
1539 3056 1608 3102 eam

445 3137 669 3221 quodammodo
689 3137 878 3204 labefactant
899 3140 930 3204 et
952 3139 1093 3203 efficiunt
1114 3141 1150 3204 ut
1172 3135 1335 3204 dubitatio*
1348 3139 1502 3204 exoriatur
1534 3158 1609 3205 num

443 3239 585 3305 Atthidis
606 3240 757 3324 reliquiae
779 3240 817 3305 ab
840 3239 1057 3324 Aristophanis
1078 3240 1245 3307 scholiasta
1266 3243 1404 3307 servatae
1433 3240 1540 3306 referri
1563 3241 1611 3305 de·

444 3342 539 3408 beant
560 3342 599 3409 ed
620 3342 820 3409 Hellanicnm
842 3342 945 3426 ipsum
961 3361 1000 3409 an
1015 3343 1054 3408 ad
1071 3342 1170 3408 alium
1193 3342 1247 3426 qui
1268 3342 1424 3408 Hellanioi
1437 3343 1610 3421 Atthidem,

444 3443 571 3511 mmmm
593 3444 751 3529 scriptoris
771 3445 870 3511 morte
890 3447 1016 3529 repente
1037 3445 1254 3528 interruptam,
1276 3445 1398 3510 auxent
1413 3444 1609 3511 subterendis

323 3555 329 3562 '
446 3545 551 3613 eodem
574 3546 679 3613 ordine
701 3546 843 3612 omnibns
865 3565 945 3631 quae
968 3547 1110 3631 deinceps
1138 3548 1226 3631 gesta
1247 3549 1340 3622 sunt;
1370 3566 1428 3614 non
1458 3548 1550 3613 aliter
1576 3566 1611 3612 ac

478 3785 516 3853 (1)
534 3784 603 3839 Vide
621 3784 699 3841 Paua
716 3785 859 3848 Gulnrun,
876 3786 920 3839 La
937 3789 1015 3839 main
1033 3785 1158 3840 d'oeucrc
1175 3786 1352 3840 industriclle
1369 3787 1441 3840 dans
1459 3785 1613 3840 l'ancr‘ennc

451 3869 544 3931 Gracc,
561 3888 587 3940 p.
599 3868 625 3931 6,
642 3869 704 3923 adn.
720 3871 753 3922 2:
773 3888 789 3923 ‹
806 3870 942 3940 L'origine
959 3867 1137 3941 phdnicienne
1154 3871 1187 3926 de
1199 3870 1313 3924 Cadmus
1324 3877 1365 3925 est
1377 3870 1543 3925 indubitable
1552 3871 1580 3938 (1)
1595 3891 1610 3922 s

447 3962 474 4011 at
490 3956 570 4026 paulo
588 3963 655 4025 post,
667 3956 734 4026 p.7:
755 3957 939 4010 ‹...certaines
956 3958 988 4011 de
1006 3973 1050 4012 ces
1067 3956 1214 4028 dynastiae,
1231 3956 1271 4011 les
1284 3951 1424 4026 Pelopidas
1437 3962 1611 4014 notamment,

446 4037 548 4096 dtaient
564 4040 724 4111 originaires
740 4040 832 4096 d’Asie
848 4043 877 4111 (l)
894 4062 920 4095 a.
938 4042 1004 4107 Quis
1020 4044 1117 4096 audeat
1134 4041 1273 4112 increpare
1291 4041 1455 4095 Hecataeum
1472 4041 1609 4095 Milesium

445 4126 491 4197 qni
509 4127 537 4180 in
555 4126 709 4181 fabularum
725 4127 753 4182 vi
769 4134 797 4182 et
812 4127 1011 4197 significatione
1028 4127 1227 4198 interpretanda
1244 4128 1353 4196 longae
1370 4126 1484 4181 veritete
1495 4127 1610 4187 aberrat,

445 4228 507 4266 cnm
524 4219 638 4267 exeunte
660 4212 768 4266 saeculo
785 4212 853 4266 xlx
873 4230 899 4283 p.
917 4212 946 4266 C.
965 4230 991 4266 n.
1017 4220 1109 4267 auctor
1133 4229 1198 4267 sane
1224 4212 1318 4266 doctus
1337 4218 1365 4265 et
1390 4211 1506 4281 diligens
1531 4212 1613 4265 mala·
1715 4284 1719 4294 1

445 4296 523 4351 ticine
540 4297 669 4368 quasdam
686 4297 832 4369 opiniones,
850 4298 904 4351 iam
922 4298 1021 4351 dudum
1040 4299 1224 4361 labefactatas,
1241 4313 1275 4351 ne
1293 4296 1485 4351 addubitandus
1502 4297 1609 4367 quidem

447 4382 721 4540 Ὓξζοῗῖἲηοίορίσ
737 4471 785 4523 das
803 4470 969 4525 Hellenibus
987 4470 1014 4522 in
1035 4471 1178 4539 Leipzr'ycr
1196 4471 1322 4530 Studien,
1340 4468 1455 4530 111153.
