3600 5317
747 446 882 503 -13..

137 563 140 566 ’
227 569 335 634 elassis
357 568 546 634 Phoenicum
567 568 600 632 in
622 568 730 633 Africa
754 573 928 634 versaretur
949 568 988 633 ad
1012 569 1129 633 bellum
1152 588 1223 633 cum
1251 568 1396 633 Barcaeis

229 670 412 755 gerendum:
436 670 631 753 quinetiam
654 670 680 734 si
703 688 740 735 ne
761 671 838 735 haec
860 670 986 754 quidem
1009 670 1224 747 innotuissent,
1247 688 1306 735 non
1328 670 1397 735 ideo

229 773 270 838 ah
292 772 445 838 Herodoto
459 774 592 838 testante
607 774 665 839 τὸν
681 773 781 840 αὐτὸν
803 774 925 853 χρόνον
949 772 1056 856 (Has,
1069 772 1124 848 IV,
1138 773 1213 854 145)
1228 774 1396 854 utrumque

228 874 348 940 bellum
376 875 499 958 gestum
528 892 604 956 esse,
632 873 863 939 desciscendum
890 875 1043 957 putarem.
1074 873 1133 938 Sed
1164 892 1268 938 vereor
1293 875 1330 938 nt
1361 893 1397 938 er

229 978 365 1059 tempore
386 975 588 1059 expeditionis
614 975 762 1041 adversus
789 976 922 1040 Baream
951 975 1122 1058 quidquam
1151 975 1330 1058 proficiatur
1358 975 1397 1039 ad

230 1077 438 1143 deliniendum
467 1079 590 1161 tempus
615 1077 691 1143 helli
723 1077 848 1162 Scythis
876 1077 978 1154 illati3
1009 1097 1080 1142 nam
1106 1077 1189 1160 quod
1217 1077 1331 1142 attinet
1359 1077 1398 1141 ad

230 1181 353 1263 tempus
367 1199 439 1245 cum
461 1180 499 1244 ad
524 1179 795 1265 Carthaginienses
810 1182 959 1245 venerunt
981 1179 1077 1264 legati
1101 1199 1119 1244 a
1140 1180 1305 1245 Persarum
1325 1198 1398 1264 rege

230 1282 317 1348 missi
335 1282 390 1365 qui
405 1282 622 1348 denuntiarent
643 1300 681 1347 ne
703 1283 855 1346 humanas
871 1282 988 1347 hostias
1003 1282 1201 1347 immolarent
1217 1283 1273 1346 aut
1287 1282 1398 1347 canina

230 1404 321 1451 carne
335 1387 529 1450 vescerentur
542 1402 617 1449 neue
633 1402 758 1468 corpora
772 1385 1021 1462 inhumarentur,
1035 1387 1068 1450 et
1087 1385 1227 1469 peterent
1245 1384 1398 1449 auxilium

230 1487 375 1553 adversum
388 1485 763 1568 Craeoostlusrru.,XIX,
772 1488 804 1571 1)
818 1524 855 1535 -
866 1506 978 1570 parum
992 1486 1136 1570 liqueret,
1148 1488 1269 1552 etiamsi
1283 1489 1398 1552 consta-

230 1590 279 1655 rot
300 1590 408 1661 Persas
423 1590 462 1654 ad
484 1589 711 1672 Euhesperidas
725 1589 890 1673 imperium
908 1608 1000 1654 suum
1019 1608 1201 1674 propagasse
1216 1589 1254 1654 oh
1269 1607 1398 1671 eamque

231 1712 295 1757 rem
311 1711 382 1757 eum
406 1693 550 1759 Barcaeis
564 1693 756 1758 debellatum
771 1709 853 1757 esse:
870 1710 976 1756 verum
992 1691 1146 1756 enimvero
1161 1692 1218 1756 hoc
1233 1690 1398 1756 incertissi-

230 1814 318 1860 mum
333 1795 389 1872 est,
405 1795 430 1858 si
454 1795 579 1877 quidem
594 1797 631 1860 ut
652 1795 764 1859 Persae
777 1813 850 1858 curu
863 1792 1172 1877 Carthaginiensibus
1187 1813 1218 1858 se
1234 1793 1399 1877 coniunge-

231 1898 300 1961 rent
314 1898 370 1961 aut
383 1896 500 1962 bellare
514 1898 647 1981 possent,
660 1916 720 1961 non
731 1896 889 1979 oportebat
903 1897 1105 1979 utrorumque
1119 1895 1250 1980 imperia
1264 1895 1399 1960 finitima

230 2017 305 2064 esse.
327 1998 371 2063 At
389 1998 514 2064 tandem
538 1999 609 2081 quis
631 1997 690 2063 sihi
714 1998 903 2081 persuaserit
918 1999 990 2062 ante
1011 2017 1147 2082 pugnarn
1171 1997 1399 2062 Marathoniam

231 2100 348 2185 legatos
374 2119 393 2164 a
421 2101 521 2166 Dareo
547 2100 585 2165 ad
612 2099 883 2185 Carthaginienses
904 2100 988 2164 mitti
1011 2100 1147 2183 potuisse
1168 2101 1207 2163 ad
1229 2098 1398 2164 ineundum

230 2202 336 2267 foedus
347 2204 452 2268 contra
464 2201 616 2268 Graecos?
632 2201 692 2268 Sed
707 2203 830 2268 etiamsi
845 2202 945 2267 facere
957 2220 1015 2267 non
1030 2215 1187 2285 possemus
1203 2202 1277 2284 quin
1294 2201 1398 2265 Persa·

229 2324 301 2370 rum
323 2305 362 2369 ad
391 2304 662 2390 Carthaginienses
683 2305 800 2389 legatos
822 2305 930 2370 statim
952 2306 1021 2389 post
1041 2305 1174 2370 Baream
1194 2303 1399 2387 perdomitam

230 2407 339 2472 missos
359 2426 425 2473 esse
446 2408 617 2492 opinemur,
639 2424 700 2473 nou
722 2407 836 2472 idcirco
857 2407 1016 2492 adigimur
1037 2408 1074 2471 ut
1095 2408 1266 2471 statuamos
1290 2406 1399 2470 Persas

230 2509 374 2575 Barcaeis
389 2510 508 2575 bellum
524 2510 668 2576 intulisse
690 2509 790 2575 multo
805 2519 875 2574 anto
890 2510 999 2575 Ionum
1016 2509 1197 2574 seditionem
1209 2508 1267 2592 (1).
1284 2506 1398 2586 Quodsi

263 2752 301 2824 (1)
318 2753 481 2809 Monendum
499 2771 595 2809 censeo
612 2754 681 2809 nihil
699 2771 733 2809 ex
756 2755 828 2819 fatis,
851 2754 948 2824 quihus
971 2754 1125 2808 Pheretima
1143 2762 1171 2807 et
1188 2753 1344 2808 Arcesilaus
1362 2753 1399 2807 lll

229 2842 271 2895 uei
288 2849 350 2895 aunt
367 2840 475 2908 (Herod.
494 2841 539 2904 IV,
560 2840 689 2902 reatem
706 2840 844 2908 eoo-205),
861 2839 895 2893 ad
913 2847 1032 2909 tempora
1045 2839 1195 2893 definienda
1207 2839 1299 2908 colligi
1311 2855 1397 2908 posse.

231 2926 380 2982 Herodotus
396 2926 469 2980 onim
486 2926 568 2979 tradit
585 2925 645 2994 (lV,
663 2926 722 2993 162)
740 2925 909 2979 Arcesilaum
927 2925 971 2989 lll,
990 2932 1129 2995 postquam
1141 2925 1272 2978 seditione
1283 2924 1399 2978 oollahe-

231 3012 319 3065 factus
340 3011 445 3082 Cyrene
466 3011 647 3075 discessisset,
664 3011 808 3081 profugum
831 3011 940 3065 Samum
967 3010 1077 3080 petisse,
1105 3009 1287 3063 Pheretimam
1308 3017 1399 3063 autem

230 3096 348 3167 Cyprum
366 3097 400 3149 ad
417 3095 606 3150 Euelthoutem
624 3096 785 3165 confugisse.
809 3095 893 3148 Aiunt
911 3096 1037 3148 nimirum
1055 3093 1225 3165 Polycratem
1242 3100 1300 3148 tum
1324 3095 1397 3148 Sarni

230 3197 374 3251 regnasse:
392 3183 461 3251 quod
479 3183 537 3236 fieri
556 3187 650 3252 potest,
668 3198 831 3251 quamquam
848 3196 899 3235 nec
916 3181 974 3234 loco
993 3180 1075 3235 allato
1092 3196 1142 3234 nec
1162 3197 1223 3233 curn
1247 3179 1398 3251 Polycratis

231 3268 373 3338 imperium
390 3268 565 3338 persequitur,
584 3268 734 3322 Herodotus
754 3267 781 3320 id
799 3274 937 3321 memorat.
955 3267 1031 3331 Quod
1048 3273 1138 3320 autem
1156 3265 1190 3318 ad
1208 3266 1397 3319 Euelthontem

231 3352 335 3416 attinet,
353 3353 501 3407 Herodotus
518 3354 563 3422 (V,
583 3353 652 3419 104),
670 3371 732 3408 oum
750 3353 909 3423 Cypriorum
927 3353 1104 3408 defectionem
1125 3358 1184 3421 post
1207 3351 1305 3404 Sardes
1325 3366 1399 3403 corn·

230 3438 322 3491 huatas
338 3439 471 3501 enucleat,
481 3438 548 3492 dicit
564 3438 711 3501 Onesilum,
729 3440 840 3491 fratrem
858 3439 990 3492 iuniorem
1008 3438 1098 3507 Gorgi,
1115 3436 1202 3490 filium
1219 3437 1303 3490 fuisse
1314 3435 1398 3489 Cher-

230 3523 303 3577 aidoa
327 3524 483 3592 (Χέρσιος),
507 3522 558 3576 filii
586 3524 700 3586 Siromi,
720 3525 766 3594 qui
791 3522 961 3578 Euelthontis
984 3522 1057 3577 flliua
1080 3529 1164 3576 esset:
1190 3522 1228 3574 ita
1251 3529 1281 3574 ut
1304 3520 1398 3589 quavis

229 3609 311 3662 hrere
328 3609 456 3678 cuiusque
474 3624 586 3678 reguum
605 3609 789 3669 constitueris,
808 3608 853 3661 vix
870 3608 1006 3662 Euelthon
1018 3608 1051 3661 ad
1069 3624 1148 3677 quem
1165 3606 1320 3660 Pheretima
1338 3621 1399 3658 con-

230 3693 339 3763 fugerit,
358 3710 416 3747 osae
435 3694 550 3763 potuerit
566 3695 636 3747 idem
661 3709 740 3764 quem
758 3693 904 3763 posteriore
922 3693 981 3746 loco
1011 3693 1055 3761 (V,
1077 3692 1136 3761 104)
1165 3697 1296 3745 memorat
1317 3689 1398 3758 (Vide

231 3777 328 3831 Steinii
349 3778 438 3831 adnot.
458 3779 492 3830 ad
518 3777 554 3846 1.).
581 3778 712 3843 Quocirca
735 3786 782 3832 ant
806 3778 876 3831 alius
900 3776 1035 3830 Euelthon
1061 3777 1178 3831 eiusdem
1203 3776 1319 3830 nominis
1345 3774 1398 3827 fuit

228 3863 352 3930 (coruom
364 3863 446 3932 Gorgi
463 3869 490 3917 et
501 3863 602 3917 Onesili
620 3863 712 3927 trater,
724 3863 770 3933 qui
789 3863 863 3917 nullo
881 3863 938 3916 tilio
956 3861 1050 3916 relicto
1061 3863 1178 3929 obierit),
1189 3869 1236 3915 ant
1248 3859 1398 3914 Herodotus

228 3947 336 4003 erraut.
354 3949 443 4017 Atque
460 3954 489 4001 ut
507 3948 649 4018 intellegas
662 3950 794 4019 quomodo
808 3949 959 4004 Herodotus
971 3946 1023 4001 hoc
1035 3948 1093 4001 loco
1105 3964 1199 4017 parum
1212 3947 1262 4000 sibi
1275 3951 1398 4000 constare

229 4033 359 4104 potuerit,
376 4040 480 4103 oportet
498 4033 652 4088 memineris
668 4034 792 4103 quintum
810 4033 909 4086 librum
927 4036 1066 4085 exaratum
1084 4033 1222 4102 aliquanto
1240 4037 1299 4101 poet
1316 4044 1396 4098 quar·

230 4123 297 4180 tum,
306 4124 335 4170 ut
348 4117 487 4189 Adolphua
494 4118 636 4172 Kirchhotl
647 4118 839 4173 demonstravit
851 4116 1107 4187 (Entetchunpsaeit
1122 4119 1173 4169 dar
1186 4114 1397 4169 herodotiaohera

234 4202 511 4266 Corchiohtsroerheo,
533 4222 558 4274 p.
577 4202 672 4272 15-16)
692 4205 776 4258 fretus
794 4204 992 4274 comparatione
1010 4201 1060 4255 loo.
1078 4202 1124 4264 lV,
1141 4202 1176 4254 99
1193 4208 1220 4255 et
1232 4201 1265 4261 V,
1280 4201 1323 4262 77,
1349 4197 1396 4252 uhi

228 4288 379 4358 Propylaea
398 4289 544 4344 Mnesiclea
565 4295 702 4342 memorat.
723 4288 823 4353 Quodsi
844 4288 963 4342 Steinius
987 4287 1148 4353 (Bursian'o
1167 4286 1396 4349 Johreoherichte,

127 4416 129 4420 .
231 4372 308 4437 1879,
319 4391 344 4443 p.
355 4373 399 4441 24)
417 4373 565 4445 Propylaea
585 4374 637 4427 ista
649 4390 704 4428 non
722 4374 805 4428 fuisse
822 4372 971 4428 Mneaiolea
983 4372 1127 4435 contendit,
1140 4372 1238 4425 diserte
1249 4387 1310 4424 eum
1328 4371 1399 4423 retu·

96 4469 129 4520 1‘,
230 4458 329 4512 taviase
346 4458 437 4513 videor
448 4460 594 4528 (Memorio
611 4458 787 4513 doll'letr'tuto
807 4459 972 4527 Lembos-do,
994 4456 1069 4520 1891,
1087 4475 1113 4527 p.
1129 4456 1269 4523 alteru:
1292 4455 1397 4525 gaudeo
