3600 5317
926 450 1061 503 ..14-

408 573 591 658 confugiunt
609 572 649 637 ad
671 571 818 637 Herodoti
835 572 1048 637 testimonium
1071 570 1123 654 (V,
1132 571 1187 654 46)
1209 571 1357 637 Dorieum
1379 572 1412 635 in
1434 568 1577 636 Siciliam

407 676 602 761 immigrasse
623 674 783 753 tradentis,
810 680 842 739 et
867 675 1011 739 statuunt
1035 675 1183 738 Doricum
1207 677 1396 759 pugnantem
1419 693 1490 739 cum
1507 673 1576 739 Cur·

409 778 657 863 thaginiensibus
672 780 704 842 et
718 777 839 861 Hlymis
860 776 1039 841 occubuisse
1062 795 1120 841 nou
1143 777 1211 859 post
1233 796 1348 840 annum
1372 778 1433 842 510
1449 796 1477 841 a.
1490 776 1576 856 Cn,

409 880 448 945 ob
479 897 608 962 eamque
631 898 696 945 rem
718 878 907 944 contendunt
928 878 1022 943 etiam
1045 897 1080 943 ex
1102 879 1159 942 hoc
1181 879 1349 943 terminum
1378 880 1448 944 aute
1481 897 1573 962 quem

409 981 560 1065 expeditio
582 981 726 1047 adversus
759 981 908 1046 Barcaeus
941 982 973 1045 et
1006 978 1137 1065 Scythas
1168 983 1255 1063 gesta
1278 979 1320 1044 sit
1341 979 1463 1044 definiri
1491 999 1577 1063 posse

409 1123 451 1132 -
473 1084 554 1148 tradi
576 1085 659 1150 enim
692 1083 840 1148 Dorieum
868 1083 987 1147 bellum
1010 1102 1081 1148 cum
1112 1082 1420 1167 Carthaginiensibus
1447 1084 1576 1167 gessisse

408 1188 545 1269 tempore
567 1205 638 1251 cum
661 1185 786 1272 legatio,
809 1203 904 1268 quam
933 1205 1026 1268 supra
1047 1184 1297 1262 memoravimus,
1319 1204 1354 1249 er
1377 1184 1480 1249 Persis
1501 1184 1576 1249 Car-

410 1288 569 1369 thaginem
599 1286 794 1353 venisset-
816 1286 1013 1351 vehementer
1033 1284 1196 1350 falluntur.
1220 1285 1300 1350 Nam
1324 1285 1497 1351 Herodotus
1518 1287 1578 1350 Do·

410 1388 468 1454 risi
497 1407 586 1454 casus
607 1391 676 1472 pust
696 1387 933 1453 Anarandridae
955 1390 1085 1453 mortem
1107 1388 1296 1470 persecutus,
1318 1388 1452 1453 testatur
1472 1388 1505 1451 in
1531 1386 1576 1453 Si·

409 1490 515 1555 ciliam
548 1493 617 1575 post
649 1488 792 1575 Sybarim
814 1509 952 1556 eversam
981 1488 1119 1554 delatum
1142 1508 1206 1554 esse
1229 1493 1266 1553 ut
1297 1490 1421 1554 auctore
1453 1490 1577 1555 Phoebo

409 1592 592 1658 Heracleam
607 1592 759 1657 coloniam
774 1592 926 1670 conderet,
948 1591 1054 1674 ibique
1076 1610 1148 1656 eum
1163 1591 1339 1672 ceterosque
1354 1592 1458 1669 socios,
1474 1593 1578 1658 ἐπείτε

410 1695 564 1760 ἀπίκοντο
597 1693 649 1780 (V,
681 1694 738 1777 46)
760 1693 896 1759 devictos
918 1713 936 1757 a
957 1693 1069 1758 Poenis
1090 1711 1195 1758 omnes
1224 1692 1425 1776 interemptos
1457 1695 1578 1776 praeter

410 1796 637 1881 Euryleontem.
653 1796 697 1861 At
711 1794 835 1861 tandem
848 1795 919 1878 quis
941 1814 977 1860 ex
998 1794 1098 1859 uerbis
1121 1795 1225 1860 ἐπείτε
1247 1794 1401 1861 ἀπίκοντο
1417 1794 1578 1880 collegerit

410 1898 558 1963 Dorieum
585 1900 692 1963 statim
713 1899 782 1982 post
803 1898 835 1961 in
859 1895 1000 1963 Siciliam
1024 1894 1190 1962 adventum
1208 1897 1358 1980 periisse?
1379 1896 1443 1961 Fac
1471 1901 1575 1962 tarum

410 2000 601 2065 Herodotum
624 2000 657 2064 id
683 1999 892 2085 significasse:
920 1999 1040 2063 Timaei
1074 1999 1156 2062 certe
1184 1999 1362 2065 testimonio
1382 2000 1578 2064 vehementer

412 2103 608 2182 refutaretur,
631 2101 903 2185 qui(D10o.,lV,
926 2102 981 2182 23)
1015 2101 1168 2179 affirmat,
1191 2119 1262 2165 cum
1285 2101 1404 2166 colonia
1428 2119 1447 2165 a
1468 2101 1579 2166 Dorico

410 2204 533 2270 condita
548 2223 660 2289 magna
674 2204 864 2269 incrementa
878 2204 1020 2287 cepisset,
1035 2222 1104 2269 eam
1119 2203 1401 2288 Carthaginienses,
1417 2203 1578 2269 veritusne

411 2307 582 2372 Poenorum
615 2307 649 2371 in
671 2305 780 2373 Sicilia
801 2306 1010 2389 principatum
1043 2305 1208 2391 frangeret,
1230 2304 1384 2370 evertisse.
1407 2305 1518 2388 Itaque
1549 2305 1576 2369 si

412 2409 543 2474 Derisus
557 2406 698 2474 Siciliam
714 2407 806 2491 petiit
820 2411 887 2491 post
899 2405 1043 2492 Sybarim
1058 2426 1204 2482 eversam,
1220 2406 1341 2489 aliquot
1355 2406 1428 2471 anni
1443 2406 1578 2490 oportuit

413 2626 668 2634 --—--———-

411 2765 501 2811 autem
519 2757 589 2828 quod
607 2758 746 2811 Eduardus
763 2758 857 2828 Meyer
882 2758 1094 2827 (Forscbunpen
1111 2758 1162 2811 der
1188 2758 1263 2812 alten
1293 2758 1580 2828 Gcschiehte,l,199)

411 2843 455 2897 cui
473 2858 532 2896 mea
550 2842 739 2896 commentatio
756 2858 810 2895 non
827 2842 982 2903 innotuerit,
1000 2858 1105 2896 mecum
1117 2842 1259 2897 consentit.
1271 2871 1304 2883 -
1318 2843 1461 2897 Praeterea
1474 2843 1580 2897 etiamsi

412 2928 580 2982 Arcesilaum
598 2926 634 2980 lll
651 2928 685 2981 ad
702 2928 872 2998 Polycratem
890 2928 1043 2997 confugisse
1060 2934 1218 2990 statuamus,
1240 2928 1273 2981 ob
1297 2944 1410 2999 eamque
1433 2946 1490 2984 rem
1512 2929 1581 2983 Phe·

412 3014 535 3067 retimam
552 3019 615 3066 ante
632 3011 782 3083 Polycratia
799 3019 912 3067 mortem
929 3012 1048 3084 Cyprum
1066 3013 1172 3082 petisse,
1184 3013 1320 3068 neminem
1332 3014 1405 3083 fugit
1415 3014 1507 3068 statim
1519 3022 1579 3085 post

413 3098 480 3151 baec
497 3096 660 3168 Aryaduem‚
678 3097 796 3167 Aegypti
812 3103 956 3167 satrapam,
975 3114 1028 3151 non
1052 3097 1170 3167 putuisse
1195 3098 1297 3152 bellum
1323 3098 1449 3154 Barcaeis
1471 3100 1580 3153 inferre.

414 3181 566 3236 Arcesilaus
584 3181 656 3235 enim
673 3181 838 3252 aliquamdiu
856 3181 930 3235 Sami
947 3189 1127 3237 commoratus
1150 3191 1191 3236 eat
1213 3183 1321 3251 (Herod.
1339 3184 1373 3246 V,
1392 3183 1463 3251 163);
1481 3183 1581 3237 Phere-

412 3267 478 3321 tima
496 3284 601 3320 rursum
618 3266 741 3337 Cyrenen
759 3266 874 3321 redierat
891 3267 982 3337 ibique
999 3283 1060 3320 cum
1079 3266 1189 3336 degeret
1206 3269 1304 3322 certior
1321 3270 1393 3322 facta
1411 3276 1452 3322 est
1474 3269 1507 3321 de
1528 3267 1580 3320 filii

413 3352 494 3406 caede
510 3351 619 3418 (Herod.
630 3351 661 3415 V,
671 3350 782 3419 165).-
799 3351 857 3405 Nec
868 3351 1012 3422 quidquam
1025 3351 1152 3420 colligere
1168 3352 1231 3406 licet
1249 3369 1282 3406 ex
1299 3370 1331 3407 eo
1351 3354 1419 3422 quod
1439 3352 1579 3423 Aryadnes

411 3446 549 3506 satrapeae
559 3436 754 3507 Aegyptiorum
772 3445 895 3506 praeerat
908 3452 970 3489 cum
987 3436 1143 3490 Pheretima
1151 3435 1274 3506 Cyrenen
1286 3436 1376 3490 rediit:
1399 3452 1460 3489 nam
1473 3435 1578 3505 quando

412 3522 552 3592 Aryadnes
569 3528 674 3591 satrapa
687 3520 881 3591 Aegyptiorum
899 3537 916 3573 a
933 3520 1063 3591 Cambyse
1080 3520 1241 3576 constitutus
1258 3520 1364 3589 (Herod.
1375 3521 1408 3584 V,
1422 3520 1483 3586 1ot)
1499 3520 1580 3590 impe

412 3607 482 3659 rium
500 3606 627 3669 amiserit,
644 3622 698 3659 non
716 3606 816 3675 liquet:
840 3606 906 3675 quin
931 3606 1012 3659 etiam
1036 3606 1156 3676 proclive
1179 3606 1212 3659 ad
1236 3606 1423 3678 auspicandum
1441 3613 1481 3660 est
1498 3606 1579 3660 etiam

413 3698 472 3761 post
490 3708 608 3761 pugnam
626 3689 825 3744 Marathoniam
844 3707 906 3745 eum
926 3693 1049 3761 Aegypto
1067 3691 1215 3760 praefuisse
1233 3690 1341 3757 (Herod.
1354 3690 1387 3753 V,
1399 3690 1464 3744 166:
1481 3690 1581 3745 Confer

417 3776 533 3838 Busour,
551 3793 575 3829 ο.
592 3793 624 3836 ο,
642 3774 763 3838 11²‚53·2,
781 3775 841 3827 adn.
860 3776 896 3843 2).
915 3776 1017 3829 Dareus
1034 3776 1115 3834 euim,
1133 3775 1157 3828 ai
1175 3775 1307 3829 Herodoto
1324 3775 1525 3845 adstipulamur,
1543 3791 1581 3829 re·

413 3860 491 3930 paiit
508 3861 541 3912 ab
559 3860 686 3931 Aryadne
703 3876 803 3929 poenas
820 3860 1014 3930 Aegyptiorum
1033 3860 1204 3914 defectionis:
1216 3876 1249 3913 ex
1269 3860 1394 3914 Herodoti
1406 3868 1496 3914 autem
1508 3859 1579 3913 tasti-

413 3946 503 4001 monio
511 3944 579 4014 (Vll,
588 3945 613 4013 ί)
625 3949 754 4014 τετάρτῳ
767 3945 976 4011 crassissimos
988 3948 1044 3999 ὑπὸ
1055 3948 1206 4011 Καμβύσεω
1218 3948 1405 4010 δουλωθέντες
1417 3948 1580 4013 ἀπέστησαν

414 4034 470 4087 ἀπὸ
486 4032 620 4099 Περσέων
638 4030 752 4085 efficitur
769 4038 795 4083 et
813 4032 919 4100 cogitur
937 4030 1099 4084 Herodotum
1117 4030 1254 4100 Aryadnis
1273 4045 1371 4099 poenas
1388 4046 1448 4083 cum
1467 4028 1518 4083 hac
1536 4045 1581 4083 no·

415 4117 525 4170 vissima
542 4116 691 4169 defectione
707 4116 885 4170 coniunxisse.
904 4116 1012 4171 Etenim
1029 4116 1080 4169 hoc
1093 4114 1173 4168 facile
1190 4114 1358 4184 intellegitur
1375 4130 1408 4167 ex
1425 4131 1478 4185 quo
1495 4114 1581 4184 patuit

416 4203 510 4255 bovem
528 4201 618 4270 Apim,
636 4201 712 4253 cuius
730 4201 822 4254 mortis
840 4217 953 4270 poenam
971 4201 1073 4254 Dareus
1084 4200 1192 4269 exigere
1203 4199 1273 4254 velle
1289 4198 1580 4268 simulavicffonnen.

416 4285 473 4349 Vll,
493 4286 532 4349 11,
550 4286 586 4353 7),
604 4293 737 4355 repertum
756 4301 814 4339 esse
831 4292 878 4338 aut
895 4302 966 4338 anno
983 4283 1034 4337 490
1051 4301 1075 4337 a.
1093 4284 1123 4338 C.
1141 4300 1167 4336 n.
1186 4291 1232 4337 aut
1250 4283 1330 4355 paulo
1349 4291 1412 4338 aute
1432 4283 1511 4352 (Vide
1528 4284 1583 4338 Bu-

415 4387 482 4427 sour
501 4371 582 4438 ibid).
601 4370 669 4425 Vide
686 4377 778 4424 contra
797 4372 965 4425 Aarsronns.
990 4369 1109 4433 libetur,
1128 4367 1227 4434 11,20;
1253 4370 1322 4423 unde
1346 4368 1415 4422 nibil
1439 4369 1580 4423 certissimi

416 4457 487 4512 effici
505 4462 599 4527 potest.
