3600 5317
783 452 920 505 „15-

267 572 479 638 dilaberentur
500 575 538 637 ut
559 573 670 656 ciuitas
692 573 802 656 opibus
822 572 946 638 floreret
968 573 1025 656 (1).
1049 572 1233 656 Conspirant
1252 592 1331 656 quae
1345 574 1438 639 Hero·

267 675 357 740 dotus
371 674 457 759 (VII,
474 675 550 758 152)
571 692 589 738 a
613 672 727 740 Gelono
749 674 841 739 obiici
865 676 983 758 legatos
1005 673 1244 740 Atheniensium
1265 675 1350 755 iacit,
1365 694 1437 741 cum

265 777 422 843 uenissent
438 778 475 841 ut
497 776 644 842 Gelonem
667 780 789 842 orarent
809 797 847 842 no
870 779 1030 861 pateretur
1052 775 1215 842 Graeciam
1231 797 1249 841 a
1264 777 1373 843 Xerxis
1388 797 1439 843 ca·

266 880 360 945 terrie
392 879 497 944 obrui:
522 878 669 944 Gelonem
693 879 775 944 enim
802 880 977 944 subiratum
1000 880 1190 963 respondisse
1212 880 1271 945 sibi
1298 881 1431 946 exorant

266 983 419 1048 auxilium
435 1001 495 1065 quo
510 981 635 1048 facilius
650 983 820 1048 Poenorum
837 983 900 1047 rim
923 983 1092 1066 propellere
1108 1002 1143 1047 ac
1165 984 1203 1049 de
1224 985 1329 1049 Dorici
1345 984 1436 1049 caede

267 1085 306 1149 ab
320 1085 430 1150 iisdem
446 1085 566 1169 erigere
587 1086 698 1168 posset,
711 1083 842 1151 Graecos
864 1105 924 1151 non
946 1086 1094 1168 paruisse.
1111 1083 1182 1151 Sive
1198 1085 1323 1151 Gelonis
1340 1086 1437 1152 oratio

268 1206 338 1252 rora
353 1187 416 1252 sive
431 1186 504 1252 ficta
519 1190 576 1266 est,
590 1188 670 1251 nihil
686 1188 829 1253 interest:
853 1189 910 1253 hoc
933 1207 1003 1253 vero
1018 1206 1077 1252 non
1094 1187 1174 1251 nihil
1190 1187 1331 1270 ponderis
1345 1188 1440 1253 habet

267 1288 348 1371 quod
371 1285 546 1353 Herodotus
566 1288 688 1354 inducit
709 1289 858 1354 Doricum
881 1289 964 1355 bello
986 1289 1105 1354 Punico
1127 1290 1318 1372 implicitum
1341 1290 1436 1355 fuisse

265 1408 338 1454 cum
362 1388 438 1455 Gelo
459 1390 629 1473 potentiam
653 1388 784 1475 adeptus
806 1392 886 1455 esset
908 1389 967 1474 (2).
992 1390 1101 1456 Nihilo
1123 1392 1227 1455 minus
1249 1392 1440 1474 temporibus
1474 1438 1477 1446 .

268 1491 383 1575 optime
406 1491 564 1575 discriptis
588 1493 770 1557 oboriuntur
796 1492 999 1557 difficultates
1024 1492 1056 1556 in
1087 1492 1308 1578 coniungendis
1332 1494 1438 1558 Dorici

266 1593 341 1658 fatis
365 1611 439 1660 ‚cum
469 1592 596 1659 Gelonis
621 1594 767 1677 imperio:
794 1594 846 1659 bic
872 1594 956 1659 enim
977 1613 1056 1659 anno
1078 1594 1202 1660 circiter
1222 1596 1285 1660 485
1307 1614 1335 1659 a.
1351 1596 1385 1660 0.
1408 1615 1438 1659 n.

268 1697 417 1780 tyrannus
440 1693 702 1780 Syracusanorum
724 1696 825 1761 factus
847 1700 904 1775 est,
920 1715 991 1761 cnm
1014 1695 1109 1762 Gelae
1131 1716 1268 1780 praeesse
1290 1697 1440 1781 coepisset

267 1816 327 1862 non
349 1800 420 1862 ante
441 1816 557 1862 annum
580 1798 641 1863 491
666 1817 693 1862 a.
710 1797 743 1863 0.
760 1800 818 1882 (3),
840 1817 900 1881 quo
923 1798 1101 1864 Cleomenes
1124 1800 1178 1881 qui
1200 1800 1311 1864 Dorico
1332 1819 1440 1882 super·

267 1898 378 1978 fuerat,
401 1899 488 1964 obiit.
512 1898 628 1964 Verum
644 1902 749 1965 tamen
764 1919 955 1987 quamquam
978 1919 1038 1965 non
1053 1900 1149 1965 audeo
1164 1900 1318 1966 affirmare
1334 1903 1437 1984 ipsum

268 2001 416 2067 Gelonem
438 2021 510 2067 cum
532 2002 643 2069 Dorico
665 2002 772 2068 foedus
788 2003 893 2081 inisse,
909 2002 1120 2068 animadverto
1136 2001 1283 2068 Gelonem
1306 2003 1377 2069 inde
1399 2004 1439 2068 ab

268 2123 347 2169 anno
358 2105 422 2169 498
444 2104 634 2188 praefectum
650 2104 793 2187 equiturn
809 2104 891 2188 apud
914 2104 1135 2188 Hippocratem
1151 2124 1263 2191 magno
1278 2105 1311 2170 in
1326 2107 1439 2172 honore

267 2206 372 2283 fuisse,
384 2208 422 2271 ob
437 2224 567 2290 eamque
582 2227 647 2272 rem
659 2208 718 2272 sibi
735 2207 852 2271 maiora
866 2207 1057 2290 reipublicae
1073 2207 1197 2293 negotia
1211 2208 1438 2275 sibirindicare

269 2310 423 2392 potuisse;
439 2327 569 2375 necnon
584 2311 821 2374 consentaneum
836 2309 883 2374 est
895 2307 1053 2388 Gelonem,
1066 2328 1137 2374 cnm
1152 2309 1284 2375 Dorieus
1298 2310 1439 2376 aPoenis

266 2410 348 2476 bello
373 2411 539 2494 peteretur,
561 2412 711 2495 cogitasse
732 2430 808 2475 num
831 2411 859 2474 ei
883 2411 999 2476 auxilio
1021 2412 1178 2476 subreniri
1202 2414 1310 2495 posset.

301 2597 337 2664 (1)
355 2597 394 2650 De
412 2596 508 2650 Dorico
526 2596 587 2650 vide
606 2596 702 2650 Herod.
720 2596 754 2660 V,
771 2596 863 2650 42-48.
882 2597 945 2650 Sive
968 2596 1130 2651 Crotoniatis
1157 2598 1303 2667 opitulatus
1329 2604 1370 2651 est
1393 2597 1438 2665 (V,

267 2679 356 2749 44-45)
374 2681 431 2735 sive
449 2681 475 2733 id
494 2680 634 2751 Sybaritae
652 2682 846 2745 confinxerunt,
859 2681 928 2734 nihil
941 2682 1030 2735 refert.
1045 2681 1195 2735 Herodotus
1212 2682 1304 2751 ntique
1321 2689 1379 2752 post
1392 2682 1440 2753 Sy·

268 2766 354 2819 barim
372 2782 494 2819 eversam
511 2768 584 2832 (ann.
601 2765 663 2833 510)
687 2766 790 2819 inducit
814 2765 940 2819 Dorieum
967 2766 995 2818 in
1025 2766 1145 2819 Siciliam
1173 2767 1379 2835 immigrantem.
1402 2770 1439 2819 At

268 2866 338 2914 vero,
348 2857 377 2903 ut
395 2850 533 2921 Euryleon
551 2856 640 2920 posset
657 2850 757 2912 Minoa,
770 2851 982 2905 Selinuntiorum
995 2852 1108 2913 colonia,
1121 2853 1201 2921 potiri
1213 2858 1240 2906 et
1253 2852 1435 2922 Pythagoram

267 2941 412 3005 tyrannum
431 2935 571 2990 Selinunte
588 2935 694 2997 eiicere,
713 2936 815 2989 viribus
833 2936 979 2990 maioribus
997 2954 1078 3005 quam
1097 2937 1190 3006 paucis
1210 2937 1331 3007 profugis
1348 2937 1439 2991 certis·

268 3020 337 3073 aima
354 3020 458 3074 ratione
476 3021 609 3074 utebatur.
627 3020 719 3090 ltaque
738 3020 865 3075 Herodoti
884 3021 1067 3075 testimonium
1085 3037 1146 3074 cum
1174 3021 1277 3075 Timaei
1304 3022 1437 3075 consentit

270 3110 297 3157 et
314 3104 437 3158 coniurat
454 3105 549 3158 amice.
563 3104 707 3158 Diodorum
720 3111 810 3158 autem
823 3104 926 3160 Timaei
946 3106 1079 3165 historias,
1091 3105 1214 3175 quamvis
1226 3105 1357 3175 imperite,
1369 3106 1440 3175 expi-

269 3188 375 3250 lavisse‚
393 3196 453 3258 post
470 3189 583 3243 eximias
601 3188 797 3258 Volquardseni
819 3206 898 3243 curas
923 3190 993 3243 inter
1010 3206 1102 3243 omnes
1125 3197 1238 3243 constat.
1256 3191 1324 3244 Vide
1348 3193 1439 3254 Horu,

272 3272 431 3327 Gcscbichtc
449 3274 588 3336 Siciliane,
606 3272 627 3336 l,
646 3272 758 3326 195-196
776 3280 804 3327 et
821 3273 910 3326 adnot.
929 3273 962 3326 ad
980 3291 1041 3343 pag.
1060 3274 1118 3336 195,
1136 3281 1163 3327 et
1181 3275 1298 3336 anonr,
1317 3292 1341 3329 o.
1352 3293 1383 3338 c,
1396 3274 1439 3338 11²,

268 3375 293 3428 p.
306 3357 357 3411 756
374 3359 434 3411 adn.
452 3359 470 3412 5
486 3365 514 3413 et
531 3376 556 3427 p.
569 3358 638 3426 757).
657 3359 776 3427 Uterque
793 3359 985 3428 interpretatur
1003 3359 1166 3413 Herodotum
1185 3361 1260 3429 qnasi
1279 3360 1391 3414 Doricus
1408 3361 1437 3413 in

269 3442 389 3496 Siciliam
407 3443 533 3497 devectus
550 3444 641 3496 statim
661 3443 830 3505 occubuerit;
847 3460 961 3513 qnorum
980 3447 1151 3508 sententiam,
1172 3452 1201 3497 ut
1218 3462 1299 3515 supra
1316 3446 1379 3509 dixi,
1397 3461 1439 3499 ex·

268 3527 428 3597 plodendam
446 3528 522 3582 duco.

302 3613 340 3682 (2)
358 3612 386 3666 Si
404 3619 546 3683 antecapto
564 3612 703 3683 persuasio
721 3614 756 3666 ab
773 3612 962 3667 historicorum
981 3614 1115 3666 mentibus
1133 3615 1247 3675 abesset,
1261 3618 1380 3684 protecto
1392 3615 1440 3667 mi·

268 3696 340 3751 nime
359 3697 484 3752 hariolati
502 3704 591 3751 essent
609 3698 638 3751 in
656 3697 837 3767 intellegendo
856 3697 1031 3752 disertissimo
1051 3698 1178 3751 Herodoti
1196 3690 1356 3762 testimonio,
1368 3698 1438 3769 quod

269 3781 335 3835 adeo
346 3781 522 3844 detorserunt,
535 3788 564 3835 nt
576 3789 725 3836 statuerent
737 3790 783 3835 aut
797 3782 1004 3836 Atheniensium
1017 3781 1180 3852 legationem
1193 3782 1338 3853 Syracusas
1350 3800 1439 3853 perve-

269 3865 341 3921 nisse
353 3867 445 3919 statim
458 3874 520 3921 ante
533 3883 651 3937 pugnam
664 3867 849 3921 Himerensem
859 3868 962 3935 (Horu,
980 3884 1003 3920 o.
1014 3884 1046 3930 c.,
1056 3867 1076 3935 1,
1093 3867 1152 3930 209,
1162 3865 1232 3934 416),
1250 3874 1296 3920 ant
1307 3869 1439 3922 rationem

268 3957 419 4021 temporum
436 3950 558 4005 consulto
570 3952 720 4020 neglectam
733 3969 791 4006 esse
804 3953 962 4020 (Mnaseas,
979 3952 1139 4005 Gcscbichte
1151 3952 1202 4005 der
1214 3952 1324 4017 Kar-th,
1338 3953 1438 4022 1,495).

269 4034 338 4089 Vide
354 4035 472 4099 Busonr,
490 4053 514 4089 o.
527 4052 558 4097 c,
577 4035 621 4104 11²,
632 4039 663 4105 p.
675 4035 735 4099 790,
753 4036 813 4089 adn.
832 4036 855 4088 1.

303 4120 341 4188 (3)
358 4121 498 4182 Aarsror,
517 4120 588 4184 Pol,
601 4120 635 4184 V,
648 4121 697 4173 12:
717 4123 834 4178 «Γέλων
854 4124 903 4189 μὲν
920 4126 973 4189 γὰρ
992 4124 1064 4177 ἑπτὰ
1078 4125 1269 4190 τυραννεύσας
1286 4130 1327 4190 τῷ
1344 4126 1437 4189 ὀγδόῳ

269 4209 321 4261 τὸν
339 4208 399 4270 βίον
418 4208 584 4275 ἐτελεύτησε
597 4226 621 4259 ν.
636 4206 762 4260 Timaeus
780 4214 870 4260 autem
883 4206 1082 4275 (1110011138)
1100 4213 1214 4260 testatur
1232 4223 1292 4260 eum
1304 4215 1439 4262 mortuum

270 4305 328 4343 esse
347 4290 519 4345 Timosthene
536 4290 665 4345 archonte
683 4290 794 4360 (47817).
812 4292 879 4346 Utnt
897 4290 930 4346 de
949 4292 992 4344 bis
1009 4291 1117 4345 indiciis
1140 4291 1282 4359 cogitatur,
1304 4292 1349 4345 vix
1373 4292 1439 4346 Gelo

270 4382 330 4444 post
346 4391 446 4428 annum
463 4373 545 4446 48514
563 4391 676 4445 regnare
696 4377 815 4446 coepisse
838 4376 925 4447 potuit
948 4376 1027 4444 (Vide
1044 4376 1163 4439 Resona,
1181 4392 1205 4429 o.
1223 4393 1256 4439 a,
1275 4375 1318 4439 11²,
1336 4394 1361 4446 p.
1380 4376 1439 4439 779,

270 4458 330 4512 adn.
348 4458 384 4528 3).
