3600 5317
713 447 830 501 -9..

186 569 405 652 Demophilus,
437 569 552 652 Ephori
583 569 684 645 filius,
718 569 863 633 historias
899 569 1088 654 interruptas
1124 571 1195 635 ante
1228 570 1354 636 Bellum

187 670 326 750 Sacrum,
342 672 446 737 eodem
470 671 522 736 filo
544 691 619 735 usus
640 690 738 753 usqne
761 670 800 734 ad
815 671 1000 736 Perinthum
1017 673 1139 755 nuptam
1155 672 1282 737 deduxit
1296 673 1353 756 (1).

186 774 281 838 Haud
302 772 446 856 equidem
468 773 589 838 nescius
622 793 691 838 sum
723 792 772 837 me
805 772 962 856 opiniones
984 775 1127 858 vulgatas
1153 775 1354 840 labefactasse

186 875 290 959 potius
311 893 406 957 quam
428 873 594 939 ostendisse
609 894 688 956 quae
703 874 855 939 sententia
870 874 1083 958 amplectenda
1099 875 1150 946 sit:
1165 875 1218 941 sed
1235 876 1356 941 nuliius

187 976 338 1042 utilitatis
358 977 392 1041 in
414 977 603 1060 antiquitate
624 976 815 1059 explananda
837 979 959 1042 nonest
984 977 1123 1042 minuere
1139 978 1355 1043 confidentiam

187 1078 219 1142 in
242 1079 333 1143 rebus
364 1098 474 1163 parum
506 1079 608 1156 oertiS,
630 1097 668 1142 ne
701 1079 893 1143 coniecturae
926 1079 1067 1161 quamvis
1095 1079 1270 1162 prohabiles
1301 1096 1356 1163 pro

185 1180 342 1262 explorata
363 1181 493 1246 veritate
515 1180 721 1246 venditentur.
745 1179 818 1245 Veri
841 1180 979 1245 similius
1009 1181 1108 1266 igitur
1136 1201 1230 1264 quam
1253 1182 1355 1247 verius

186 1282 356 1347 habeamus
377 1282 578 1348 Hellanioum
610 1282 765 1349 Herodoto
797 1282 949 1347 iuniorem
982 1282 1088 1362 fuisse,
1120 1284 1213 1365 atque
1247 1284 1357 1349 memi-

186 1384 323 1450 nerimus
345 1403 465 1468 semper
485 1403 551 1450 esse
571 1385 653 1468 quod
685 1385 719 1448 in
751 1386 809 1449 hao
830 1385 1008 1466 quaestione
1031 1386 1223 1465 haereamus,
1246 1388 1300 1462 ut,
1329 1387 1356 1452 si

186 1507 249 1570 qua
270 1487 388 1552 oriatur
402 1486 616 1565 controversia,
628 1506 707 1569 quae
722 1506 759 1551 ex
773 1487 937 1569 utriusque
962 1487 1101 1552 historici
1124 1490 1225 1553 aetate
1244 1488 1359 1554 'eonsti-

186 1589 300 1654 tuenda
323 1588 456 1657 marimo
477 1607 566 1672 opere
588 1588 729 1672 pendeat,
752 1589 815 1652 viru
838 1589 869 1652 ot
890 1592 1036 1653 naturam
1059 1589 1154 1654 huius
1180 1590 1354 1675 argument

185 1694 268 1757 reote
286 1690 501 1774 expendamus.

220 1983 258 2050 (1)
269 1982 338 2037 Vide
350 1983 470 2041 Bnuocn.
485 1982 661 2037 Grieohisods
674 1981 841 2046 Guehiohu,
854 1982 886 2047 11,
895 1982 956 2046 415,
968 1984 1029 2036 adn.
1039 1983 1066 2036 2.
1080 1984 1157 2037 Dion.
1171 1984 1244 2044 XVI,
1258 1982 1352 2046 14‚76;

187 2070 296 2123 Annum.
308 2067 354 2131 vl,
371 2068 422 2121 232
438 2068 468 2121 C.
487 2070 523 2121 nt
540 2068 562 2120 si
582 2067 690 2122 Diodori
708 2067 880 2122 historiarum
898 2067 967 2123 liber
978 2069 1044 2122 XVI
1061 2075 1089 2122 et
1106 2068 1240 2123 Athenaei
1258 2069 1356 2138 Dipno·

186 2153 366 2223 sophistarum
379 2152 415 2206 Vi
428 2153 589 2216 interissent,
602 2153 735 2207 undenam
752 2152 833 2207 huius
845 2154 883 2207 rei
901 2153 1023 2207 notitiam
1035 2169 1190 2223 comparare
1200 2153 1355 2224 possemus?

187 2238 279 2308 ltaque
296 2238 319 2291 si
337 2254 415 2292 nemo
433 2244 554 2293 veterum
577 2244 671 2292 auctor
695 2243 736 2291 est
762 2238 844 2291 elium
872 2237 1029 2292 historicum
1056 2237 1188 2291 Hellaniei
1216 2237 1354 2293 Atthidem

186 2323 374 2379 additamentis
392 2323 506 2388 auxisse,
523 2340 577 2379 non
595 2324 655 2377 ideo
673 2323 724 2377 hoo
741 2339 849 2393 prorsus
866 2323 1018 2393 negandum
1036 2323 1194 2393 putaverim.
