3600 5317
275 759 728 873 onlnsmonns
771 715 1334 856 CHRONOLO‘GIOAE

625 1028 981 1037 ——-——--———-

788 1322 816 1392 Ι.

492 1512 543 1585 Dn
570 1512 750 1585 Hunninrcn
776 1537 893 1585 innius
920 1538 1113 1585 nnummnnn.

261 1806 340 1872 Cum
352 1824 431 1888 quae
446 1805 484 1871 de
495 1805 680 1889 Pamphilae
691 1807 740 1890 (1)
755 1805 926 1872 notissimis
936 1805 1004 1871 illie
1014 1806 1187 1872 rationibus
1201 1807 1386 1891 Apollodoro

214 1907 408 1975 vindicandis
429 1908 568 1973 Dielsiue
590 1907 749 1974 subtiliter
767 1908 999 1988 animadvertit,
1012 1909 1082 1973 tum
1103 1909 1238 1974 maxime
1253 1928 1332 1992 quae
1346 1910 1384 1976 de

214 2029 322 2076 earnm
343 2009 564 2097 probabilitate
586 2010 734 2077 disseruit
756 2010 815 2095 (2),
830 2013 974 2093 quamuis
988 2028 1047 2076 non
1064 1997 1147 2077 omni
1163 2031 1199 2077 ex
1213 2014 1300 2095 parte
1315 2032 1385 2096 pro-

214 2112 325 2192 banda,
346 2112 487 2178 iecerunt
520 2131 568 2177 me
601 2111 716 2178 indice¹
740 2111 942 2179 fundamenta
970 2112 1190 2197 disputationis
1211 2114 1249 2179 de
1271 2113 1332 2179 fide
1354 2115 1386 2179 ot

213 2214 397 2281 auctoritate
429 2216 539 2280 horum
572 2214 712 2280 omnium
738 2214 948 2294 indiciorum,
978 2234 1056 2299 qnae
1089 2216 1129 2281 ad
1161 2218 1278 2283 aetates
1314 2217 1385 2283 scri·

214 2319 338 2401 ptorum
370 2318 535 2401 pertinent.
558 2316 605 2382 Ac
636 2317 757 2400 primus
790 2317 916 2400 quidem
938 2318 1059 2383 exortus
1080 2321 1128 2384 eet
1153 2318 1320 2385 Uldnricus
1347 2319 1385 2385 de

214 2418 659 2498 Wilamowitn·Moellendorff,
675 2420 740 2502 qui,
756 2419 912 2485 Dielsium
927 2420 1075 2500 refutans,
1090 2421 1248 2487 contendit
1262 2422 1384 2505 Apollo·

214 2521 333 2600 dorum,
348 2520 466 2587 idoneis
487 2521 621 2587 testibus
642 2539 702 2586 non
726 2521 973 2605 suppetentibus,
988 2522 1219 2588 commenticios
1241 2543 1384 2590 numeros

211 2622 369 2689 interdum
391 2624 578 2689 constituere
601 2623 748 2689 maluisse
769 2641 863 2706 quarn
896 2625 929 2688 in
964 2624 1065 2689 medio
1098 2625 1272 2708 relinquere
1304 2645 1383 2709 quae

213 2744 409 2808 nequaquem
430 2725 502 2790 sciri
526 2727 661 2809 possent:
684 2744 844 2809 perperam
867 2725 977 2791 deinde
999 2726 1066 2791 eius
1088 2726 1285 2812 diligentiam
1301 2728 1384 2811 apud

214 2829 331 2892 veteres
344 2826 493 2892 laudibus
509 2828 736 2893 commulatum
747 2846 828 2894 esse:
844 2829 913 2892 tum
929 2828 1060 2893 eundem
1076 2848 1217 2912 perversa
1230 2830 1385 2896 industria

213 2929 444 3013 coniungendae
464 2929 524 2994 viri
546 2929 717 2995 cuiuslibet
731 2929 833 3009 ἀκμῆς
848 2949 919 2995 cum
938 2929 1044 3012 aliquo
1058 2931 1091 2995 in
1106 2931 1173 2997 eius
1189 2932 1384 3018 vitninsigni

214 3051 249 3097 ac
264 3033 457 3098 memorabili
472 3034 583 3099 eventu
599 3051 617 3097 a
631 3051 702 3097 vero
716 3032 889 3098 aberrasse:
912 3051 984 3098 eum
999 3032 1132 3115 denique
1149 3033 1188 3098 ab
1206 3034 1385 3099 auctoribus

213 3135 468 3217 locupletioribus
490 3136 686 3201 uehementer
707 3135 851 3220 redargui
874 3135 907 3201 et
928 3134 1029 3200 refelli
1052 3137 1110 3218 (3).
1132 3135 1218 3200 Haec
1240 3134 1383 3217 equidem

214 3237 410 3303 contendenti
432 3256 492 3302 non
507 3236 631 3303 omnino
652 3255 799 3323 repugno,
811 3239 905 3320 atque
928 3236 1002 3302 adeo
1023 3256 1060 3302 ee
1082 3256 1160 3320 quae
1175 3236 1213 3302 de
1229 3255 1308 3302 anno
1323 3255 1385 3320 quo

214 3337 412 3423 Thucydides
439 3340 531 3403 natus
559 3338 618 3416 sit,
648 3337 835 3422 disputavit,
865 3338 1055 3404 firmissimis
1084 3337 1294 3404 fundamentis
1324 3338 1384 3403 niti

214 3440 383 3507 constituo:
406 3441 487 3505 nihil
502 3442 584 3505 enim
600 3439 637 3506 de
652 3439 846 3525 Thucydidis
859 3442 962 3507 aetate
976 3441 1099 3526 cogitur
1120 3443 1153 3506 et
1173 3441 1309 3507 efficitur
1323 3441 1383 3506 nisi

214 3562 285 3608 eum
301 3561 381 3608 anno
394 3543 457 3607 425
473 3561 501 3607 a.
514 3541 548 3607 O.
560 3562 590 3607 n.
602 3544 718 3607 annum
734 3541 932 3627 trigesimum
948 3543 1110 3608 excessisse
1121 3543 1236 3627 quippe
1247 3543 1302 3625 qui
1314 3546 1384 3609 tum
1431 3595 1432 3598 ,

213 3645 364 3728 praetoris
386 3663 512 3709 munere
535 3645 729 3729 iungeretur:
753 3644 806 3710 sed
828 3644 877 3708 vir
900 3643 990 3709 hodie
1012 3645 1178 3728 quisquam
1207 3646 1384 3711 inueniatur

249 3880 288 3948 (l)
307 3880 400 3940 (irum,
419 3878 517 3935 Noctes
535 3882 652 3944 Atticae,
668 3881 730 3944 XV,
747 3881 797 3934 23:
817 3882 1010 3946 ‹Hellanicns
1033 3882 1191 3945 Herodotus,
1205 3884 1383 3955 Thucydides,

215 3965 343 4020 historiae
359 3967 502 4035 scriptores
504 4005 545 4018 .....
563 3982 617 4020 non
634 3966 715 4019 nimis
732 3966 812 4036 longe
836 3967 996 4021 distantibus
1018 3969 1127 4023 fuerunt
1150 3969 1290 4022 aetatibus.
1312 3970 1383 4024 Nam

148 4059 149 4062 ’
215 4050 372 4106 Hellanicus
389 4050 467 4104 initio
483 4050 549 4105 belli
565 4051 781 4122 peloponnesiaci
791 4051 875 4106 fuisse
886 4053 1006 4124 quinque
1017 4060 1045 4107 et
1056 4052 1197 4123 sexaginte
1208 4070 1293 4108 annos
1304 4060 1383 4109 natus

215 4135 328 4199 videtur,
346 4134 494 4189 Herodotus
512 4141 566 4190 tres
584 4142 611 4190 ct
628 4136 832 4207 quinquaginta,
850 4137 1021 4209 Thucydides
1038 4138 1224 4209 quadraginta.
1248 4139 1381 4210 Scriptum

212 4227 254 4276 est
271 4220 370 4274 hocin
387 4219 455 4274 libro
472 4219 614 4275 undecimo
631 4221 791 4292 Pamphilae
809 4241 833 4275 s.

248 4306 286 4375 (2)
307 4304 537 4375 Obronoloys'ecbe
559 4306 808 4377 Untcrsuchunyen
832 4308 902 4362 siber
924 4308 1091 4377 Apollodoro
1121 4308 1262 4363 coronica
1288 4311 1384 4380 (Rhei-

213 4391 321 4445 niscbss
339 4390 478 4455 Murcum,
498 4391 573 4455 1876,
594 4391 625 4457 1),
643 4410 669 4462 p.
683 4391 724 4456 12,
742 4391 783 4457 11,
801 4390 844 4456 18,
862 4392 904 4458 49,
922 4393 963 4447 50.

248 4474 286 4544 (3)
303 4475 456 4530 Memoriae
473 4476 646 4531 oblitteratas
663 4477 799 4544 (Hermes,
818 4477 893 4542 1876,
912 4495 937 4548 p.
954 4477 1024 4545 291).
