3600 5317
878 449 1015 503 ..18-

360 573 486 651 Σκύθας
508 573 657 652 ἐκφεύγει
679 571 819 655 plerique
841 570 1033 656 intellegunt
1055 571 1099 634 ita
1121 572 1209 654 quasi
1239 570 1415 637 Herodotus
1446 569 1532 635 dicat

361 674 452 738 tortio
473 693 558 738 auno
575 678 650 755 post
670 674 744 739 hoco
759 674 780 738 i.
796 693 834 752 a,
843 678 1014 755 postquam
1033 671 1258 738 Chersonesum
1268 674 1375 754 petiit.
1392 673 1456 738 Nec
1479 672 1531 738 du·

360 775 523 841 litandum
545 778 592 839 est
610 774 846 859 grammaticam
868 775 992 838 tantum
1015 774 1164 839 rationem
1181 775 1357 859 respicienti
1373 775 1448 840 haec
1462 794 1532 841 eam

360 880 425 944 vim
446 878 558 942 habere
580 877 644 961 (1);
667 876 720 941 sed
741 875 891 958 quomodo
913 876 999 941 locus
1021 876 1067 940 ita
1088 876 1265 942 intellectus
1282 876 1413 959 quadret
1435 877 1474 941 ad
1496 895 1532 943 ea

361 998 440 1064 quae
460 980 667 1062 insequuntur
698 983 799 1045 ταῦτα
832 982 889 1059 μὲν
923 981 963 1059 δὴ
997 980 1093 1062 τρίτῳ
1115 981 1178 1045 ἔτει
1199 980 1360 1058 πρότερον
1384 980 1532 1057 ἐγεγόνεε
1564 1046 1575 1068 ,

360 1089 427 1149 τῶν
449 1083 523 1148 τότε
546 1103 597 1160 μιν
620 1082 834 1162 κατεχόντων,
856 1081 937 1146 nihil
959 1081 1063 1146 video:
1084 1082 1155 1147 luce
1177 1082 1260 1147 enim
1276 1082 1390 1147 clarius
1404 1085 1451 1148 est
1472 1083 1532 1148 ista

361 1186 454 1250 verba
474 1183 582 1267 paucis
603 1184 771 1266 exprimere
793 1184 876 1248 idem
906 1183 987 1266 quod
1018 1183 1112 1266 paulo
1145 1185 1216 1249 aute
1247 1183 1422 1250 Herodotus
1452 1184 1532 1250 dixit

362 1288 579 1367 κατελάμβανε
602 1288 639 1352 δέ
662 1308 713 1365 μιν
737 1287 874 1352 ἐλθόντα
910 1292 976 1352 κτλ.
1014 1285 1165 1366 Quocirca
1196 1285 1344 1365 sisinius,
1382 1288 1529 1353 Herodot'

360 1376 520 1473 interpres„
542 1389 569 1452 si
591 1387 677 1453 ullus
698 1388 769 1467 fuit,
791 1389 1010 1471 peritissimus,
1032 1390 1115 1453 recte
1136 1388 1240 1453 locum
1262 1389 1457 1455 intellectum
1481 1408 1534 1454 su-

361 1493 498 1576 spicatus
512 1490 709 1575 neglegentia
724 1489 924 1555 librariorum
939 1490 1141 1574 depravatum
1157 1509 1232 1570 esso,
1247 1491 1434 1574 particulam
1456 1492 1533 1571 πρό,

363 1613 441 1677 quae
456 1596 527 1658 ante
549 1593 676 1658 τούτων
698 1592 871 1671 excidisset,
884 1611 1028 1676 reponere
1043 1611 1103 1657 non
1118 1592 1284 1658 dubitavit.
1301 1592 1370 1659 Scio
1389 1593 1533 1677 equidem

364 1695 476 1762 Steinii
494 1693 738 1760 emendationem
754 1695 960 1778 improbatam
976 1714 1040 1759 esse
1057 1694 1120 1779 (2);
1142 1695 1194 1759 sed
1210 1695 1285 1777 quin
1301 1714 1369 1760 eam
1386 1696 1534 1761 sermonis

364 1798 522 1863 contextus
547 1815 731 1882 magnopere
761 1796 913 1882 efflagitet
946 1834 987 1844 -
1021 1797 1047 1861 si
1080 1797 1178 1881 τρίτῳ
1201 1798 1264 1863 ἔτει
1285 1798 1412 1863 τούτων
1445 1798 1533 1862 nullo

363 1901 453 1983 pacto
474 1900 574 1982 potest
595 1898 770 1983 significare
794 1899 885 1963 tertio
902 1919 987 1962 cano
1002 1903 1076 1963 onte
1097 1900 1173 1964 leaeo
1193 1919 1333 1964 -nemo
1355 1901 1418 1964 iam
1440 1899 1532 1965 dubi·
1617 1983 1620 1986 Ι

364 2002 454 2079 tabit,
478 2021 549 2066 cum
572 2001 685 2066 viderit
708 2002 823 2083 quanta
845 2000 1031 2066 infelicitate
1055 2002 1113 2065 viri
1139 2001 1310 2067 doctissimi
1327 2001 1452 2084 quidem
1468 2003 1533 2067 vul·

365 2105 471 2189 getam
492 2103 656 2168 lectionem
686 2101 846 2185 eidemque
875 2103 1163 2186 interpretationem
1190 2106 1409 2188 congruentem
1430 2104 1533 2169 conati

365 2207 429 2270 sint
450 2204 619 2269 defendere.
643 2204 725 2269 Nam
751 2204 919 2269 Herbstius
941 2223 1013 2269 cum
1040 2205 1295 2270 animadverterit
1315 2225 1352 2270 ea
1372 2206 1466 2270 verba
1487 2206 1535 2270 in·

365 2310 513 2389 terpretes
535 2306 694 2372 vexarisse
717 2307 749 2371 et
769 2325 910 2389 perverse
932 2307 1092 2373 intellecta
1114 2325 1192 2385 esse,
1215 2307 1327 2373 statuit
1349 2325 1453 2372 omnes
1475 2307 1537 2372 dil-

366 2409 522 2474 ficultatcs
544 2409 635 2488 dilui,
670 2409 696 2473 si
731 2409 800 2490 quis
834 2409 1013 2473 meminerit
1044 2408 1235 2474 Herodotum
1265 2427 1318 2492 pro
1350 2408 1474 2494 ingenio
1504 2413 1536 2475 et

366 2514 476 2575 natura
508 2511 655 2575 orationis
677 2511 899 2593 antiquiorum,
922 2512 1002 2576 κατὰ
1024 2511 1200 2590 παράταξιν
1223 2511 1442 2594 potiusquam
1465 2512 1534 2578 καθ’

365 2614 518 2679 ὑπόταξιν
552 2614 709 2677 contexere
742 2612 869 2677 solitum
893 2632 957 2677 esse
980 2631 1169 2678 sermonem:
1200 2613 1246 2677 ita
1279 2615 1316 2677 ut
1337 2614 1429 2678 verba
1450 2614 1533 2679 hunc

365 2734 489 2781 sensum
507 2715 652 2798 praebere
668 2714 813 2780 debeant:
832 2738 850 2773 κ
861 2713 941 2780 (lum
963 2712 1124 2779 Miltiades
1147 2713 1368 2780 Chersonesum
1384 2715 1534 2799 petiisset,

364 2817 444 2881 obiit
475 2817 671 2881 calamitates
705 2835 784 2898 quae
818 2815 945 2881 adsidue
978 2817 1060 2881 inter
1093 2835 1126 2881 se
1162 2819 1366 2899 exceperunt,
1400 2836 1533 2899 quarum

366 2919 513 3002 posterior
546 2919 668 3002 gravior
690 2918 844 3000 superiore
866 2918 978 2983 fuisset
1000 2945 1018 2980 ›
1042 2920 1100 3001 (3).
1122 2918 1166 2984 At
1194 2937 1284 2984 nomo
1309 2918 1364 3002 qui
1386 2918 1535 2984 Herodoti

366 3021 468 3084 locum
501 3020 683 3103 perlegerit,
719 3020 860 3085 Herbstii
897 3022 1071 3088 commenta
1107 3020 1282 3104 probaverit
1314 3021 1381 3106 (4):
1418 3021 1534 3086 etenim

400 3258 438 3327 (l)
455 3258 585 3327 Equidem
603 3259 752 3328 praefracte
770 3275 868 3327 negare
892 3275 946 3311 non
969 3258 1081 3312 audeam
1105 3259 1237 3313 Graecum
1263 3274 1321 3312 esse
1347 3257 1420 3312 hunc
1437 3259 1536 3329 geneti-

367 3361 431 3397 vum
448 3343 482 3396 ad
499 3343 689 3412 significandos
707 3360 791 3396 annos
808 3343 853 3412 qui
872 3349 935 3396 ante
952 3359 1008 3396 rem
1027 3343 1080 3396 acti
1099 3344 1168 3396 sint:
1193 3344 1316 3413 exempla
1339 3350 1444 3397 tantum
1468 3345 1537 3398 desi·

367 3430 438 3483 dero.
456 3428 525 3482 Vide
542 3428 740 3482 adnotationem
759 3444 956 3497 praegressum,
974 3429 1044 3482 unde
1062 3428 1146 3498 liquet
1166 3429 1197 3482 ll.
1215 3428 1310 3499 Meyer
1333 3429 1409 3482 nulla
1432 3428 1536 3483 medela

367 3513 487 3567 adhibita
505 3521 577 3567 recte
594 3513 758 3567 intellexisse
778 3513 906 3567 Herodoti
924 3516 1021 3566 locum.

400 3599 438 3667 (2)
455 3599 512 3652 Hoc
530 3606 620 3652 tamen
637 3615 688 3668 ego
706 3615 810 3668 quoque
833 3599 1028 3668 explodendum
1046 3600 1114 3653 duco
1132 3598 1202 3669 quod
1223 3599 1340 3653 Steinius
1363 3599 1438 3670 prius
1460 3618 1536 3655 κατε-

368 3687 478 3751 χόντων
496 3684 525 3736 in
543 3688 760 3747 καταλαβόντων
778 3684 900 3737 mutavit.
911 3684 1018 3737 Etenim
1030 3684 1201 3754 participium
1214 3701 1339 3754 praesens
1351 3685 1467 3754 fungens
1478 3685 1536 3739 vice

366 3770 494 3840 temporis
511 3770 660 3839 imperfecti
678 3769 858 3823 adorationis
876 3775 1030 3822 contextum
1049 3770 1149 3839 optime
1166 3770 1287 3839 quadrat,
1305 3786 1366 3824 cum
1386 3770 1536 3825 Herodotus

368 3855 494 3926 respiciat
506 3855 657 3909 nouaclum
670 3856 703 3907 ad
717 3854 878 3925 Scytharum
890 3854 1057 3909 invasionem
1069 3856 1115 3907 sed
1127 3853 1160 3907 ad
1178 3856 1313 3908 fortunam
1325 3854 1456 3909 Miltiadis
1469 3871 1537 3926 quae

368 3941 444 3995 illam
462 3947 603 3995 consecuta
621 3947 670 4003 est,
687 3956 740 4010 qua
758 3940 870 4009 imperio
888 3957 937 3996 suo
955 3956 1047 3994 carere
1065 3946 1172 3993 coactus
1190 3940 1233 3993 sit.

402 4025 440 4095 (3)
458 4026 509 4079 Die
527 4027 659 4079 Ardettos
677 4025 746 4079 tiber
770 4025 944 4094 Thucydides
961 4025 990 4077 in
1019 4024 1150 4081 ‹Philol
1169 4044 1193 4088 ›,
1219 4042 1244 4094 p.
1259 4022 1325 4078 146:
1351 4024 1434 4078 ‹Als
1451 4024 1538 4078 dieser

368 4110 505 4164 Miltiades
521 4111 590 4164 eben
608 4109 677 4164 nach
696 4110 748 4163 den
765 4109 915 4165 Chersones
932 4110 1093 4179 gekommeu
1111 4127 1177 4172 war,
1193 4110 1251 4163 tras
1266 4110 1316 4162 ihn
1340 4109 1537 4179 Missgeschick

368 4197 434 4250 iiber
452 4195 655 4265 Missgeschick,
674 4211 726 4250 von
744 4195 795 4248 den
812 4195 887 4249 eines
904 4195 975 4249 noch
993 4194 1127 4249 schwersr
1144 4212 1202 4248 war
1219 4195 1260 4248 als
1277 4193 1376 4249 andere
1394 4214 1418 4248 ν.

402 4283 439 4349 (l)
458 4281 596 4335 llerhstius
613 4280 808 4350 (ihio.,p.147)
827 4281 896 4333 hanc
915 4279 1046 4334 Miltiadis
1063 4281 1135 4334 avitae
1153 4297 1264 4334 casuum
1282 4296 1345 4334 suas
1363 4279 1536 4350 disputationi

368 4367 556 4420 cohaerentem
573 4365 670 4418 seriem
688 4365 831 4419 concinnat
847 4365 920 4432 (vide
938 4383 998 4436 pag.
1019 4366 1051 4419 19
1067 4369 1134 4436 sq.):

436 4454 465 4519 a)
480 4451 532 4504 sto
549 4450 652 4504 kommt
670 4466 701 4504 er
717 4468 777 4502 zum
795 4457 885 4504 ersten
902 4450 959 4503 Mal
977 4451 1048 4504 nach
1067 4451 1127 4505 dem
1144 4450 1341 4512 Chersonesos3
