3600 5317
901 406 1036 458 ..22-

385 528 468 593 mine
491 529 647 612 perpensis
669 528 860 593 efficiuntur:
884 529 961 592 haec
983 526 1139 610 probanda
1162 527 1327 592 videantur
1341 529 1462 609 oportet
1476 546 1557 609 prae-

385 630 495 695 ferenti
530 630 721 697 Herodotum
745 633 901 695 auctorem
925 630 1158 695 veracissimum
1192 630 1373 707 ἐπιγόνοις,
1396 629 1462 712 qui,
1485 650 1555 694 cum

388 732 562 798 Herodotea
599 734 780 798 testimonia
816 736 898 798 recte
935 750 994 796 non
1031 732 1266 814 intellexissent,
1298 751 1461 815 perperam
1494 732 1560 798 eius

390 836 597 901 narrationem
628 835 825 913 reduxerunt,
854 852 1029 917 perversam
1060 834 1202 919 regulam
1232 837 1264 899 et
1293 853 1431 899 normam
1461 835 1558 900 secuti

387 936 480 1021 (Vide
496 958 525 1021 p.
544 940 581 1002 ll
598 937 668 1002 adn.
686 940 702 1002 1
726 958 756 1021 p.
773 939 811 1001 21
829 937 899 1002 adn.
916 957 986 1021 pag.
1004 937 1200 1021 superioris):
1217 938 1291 1001 haec
1314 956 1348 1001 eo
1370 936 1471 1021 magis
1493 956 1558 1000 am·

387 1039 548 1121 plectenda
563 1043 645 1123 sunt,
661 1040 741 1122 quod
756 1038 873 1104 indicia
888 1039 1003 1122 quihus
1018 1039 1078 1103 viri
1094 1039 1175 1103 docti
1200 1039 1271 1103 freti
1294 1041 1483 1122 putaverunt
1498 1058 1557 1103 non

388 1142 456 1224 post
478 1160 593 1206 annum
615 1125 677 1207 51:³3
699 1142 836 1206 Dareum
858 1141 890 1205 in
908 1140 1069 1225 Scythiam
1085 1140 1256 1224 profectum
1272 1160 1349 1216 esse,
1363 1140 1466 1205 omnia
1481 1159 1558 1205 com·

389 1243 536 1308 mentioia
551 1246 582 1309 et
601 1244 707 1309 inania
728 1245 887 1328 apparent,
902 1243 991 1308 valde
1014 1246 1119 1332 autem
1141 1246 1378 1311 consentaneum
1402 1246 1449 1307 est
1471 1243 1559 1307 Iones

345 1413 348 1418 ,
389 1346 475 1410 novis
496 1348 588 1411 rebus
602 1347 735 1430 coepisse
757 1344 881 1411 studere
903 1365 939 1410 ex
961 1364 1022 1428 quo
1043 1347 1163 1409 Dareus
1185 1345 1353 1410 infeliciter
1368 1345 1559 1428 expeditione

389 1448 420 1512 in
444 1446 572 1533 Scythia
594 1449 739 1531 perfecta,
762 1448 851 1531 quasi
874 1448 1023 1533 profugus
1046 1449 1078 1512 in
1101 1447 1233 1530 patriam
1257 1448 1443 1512 revertisset.
1471 1445 1559 1526 Quod

389 1549 416 1615 si
439 1550 588 1616 Herodoti
611 1551 697 1616 locus
720 1550 848 1635 vulgata
870 1550 1002 1615 lectione
1024 1551 1225 1634 perobscurus
1241 1549 1421 1614 emendatus
1442 1550 1560 1613 nullius

389 1652 619 1736 praeiudicatae
645 1654 807 1735 opinionis,
830 1653 883 1717 sed
913 1652 1210 1737 palaeographorum
1233 1651 1415 1735 disciplinae
1436 1651 1558 1716 tantum

390 1755 508 1820 ratione
523 1756 641 1833 hahita,
657 1756 781 1820 exhibet
799 1773 922 1820 sensum
946 1758 999 1837 qui
1023 1754 1190 1831 adomnia,
1206 1772 1284 1836 quae
1306 1753 1463 1819 historicis
1477 1753 1561 1817 testi·

390 1858 502 1922 moniis
524 1856 595 1923 freti
618 1858 858 1940 disputavimus,
888 1856 979 1940 plane
1001 1856 1227 1934 accomodatur,
1251 1855 1331 1921 nihil
1353 1854 1559 1920 dubitandum

390 1962 437 2025 est
459 1960 535 2043 quin
557 1960 743 2025 sententiam
766 1978 838 2024 sane
857 1959 921 2023 veri
944 1959 1081 2023 similem
1103 1957 1349 2041 patefecerimus.

392 2231 515 2285 exeuntis
532 2233 596 2285 anni
613 2231 672 2296 493,
690 2232 736 2287 sed
754 2232 872 2287 ineuntis
890 2262 923 2274 -
941 2238 968 2286 et
985 2233 1098 2287 fortasse
1116 2232 1250 2301 progressi
1267 2261 1300 2273 -
1318 2231 1383 2286 anni
1400 2231 1451 2286 492
1471 2248 1503 2287 ea
1520 2248 1562 2284 ca·

391 2316 512 2370 lamitate
530 2317 663 2371 Mandonii
681 2317 793 2372 classem
811 2334 886 2371 usam
906 2334 973 2370 esse.
992 2316 1098 2370 Etenim
1121 2316 1166 2370 vix
1184 2316 1301 2387 spatium
1319 2334 1465 2388 paucorum
1486 2333 1561 2370 men-

392 2401 462 2455 sium
479 2401 628 2456 sufficiebat
645 2402 678 2455 ad
696 2403 787 2457 omnia
804 2402 944 2457 efficienda
962 2418 1030 2472 quae
1048 2401 1199 2457 Herodotus
1210 2401 1267 2470 (Vl,
1279 2402 1324 2472 43)
1336 2409 1474 2466 memorat,
1486 2419 1561 2472 prae-

394 2489 486 2543 sertim
499 2505 560 2542 cum
574 2496 636 2542 ante
648 2489 819 2559 naufragium
832 2489 955 2552 Thasios,
968 2488 1091 2558 quamvis
1104 2487 1173 2542 nihil
1186 2489 1347 2551 resistentes,
1362 2495 1389 2541 et
1400 2487 1562 2542 Macedonas

391 2574 513 2627 insuam
532 2573 664 2628 dicionem
685 2574 840 2644 redegisset.
867 2574 1019 2644 Insequenti
1046 2590 1117 2628 anno
1141 2577 1277 2645 (δευτέρῳ
1304 2577 1334 2629 δὲ
1357 2577 1413 2630 ἔτει
1439 2574 1561 2639 τούτων)

391 2661 436 2718 Vl,
454 2659 488 2712 46
505 2660 539 2713 oh
556 2675 668 2730 eamque
685 2677 742 2714 rem
760 2660 808 2713 491
830 2689 862 2701 -
879 2660 938 2713 fieri
956 2658 1029 2712 enim
1047 2665 1134 2728 potest
1147 2666 1176 2711 ut
1189 2659 1339 2713 Herodotus
1353 2660 1434 2714 verbo
1446 2662 1561 2714 τούτων

392 2744 538 2814 respexerit
556 2752 658 2798 tantum
677 2746 710 2798 ad
737 2746 909 2816 naufragium
936 2744 1106 2815 potiusquam
1135 2744 1168 2796 ad
1195 2745 1285 2798 emnia
1311 2762 1379 2814 quae
1406 2744 1562 2797 Mardonius

393 2839 511 2900 gesserat
529 2861 560 2871 -
579 2832 680 2885 Dareus
698 2832 775 2884 iussit
788 2831 901 2885 Thasios
913 2831 1018 2884 diruere
1036 2845 1127 2884 muros
1145 2838 1172 2885 et
1189 2831 1293 2901 legatos
1310 2830 1383 2883 misit
1401 2829 1429 2883 in
1448 2830 1562 2883 Graecas

393 2916 515 2970 civitates
533 2933 629 2986 aquam
648 2924 674 2970 et
693 2924 791 2971 terram
810 2923 940 2986 petentes.
959 2917 1040 2972 Anno
1061 2918 1176 2987 denique
1196 2916 1299 2985 dilapso
1317 2915 1373 2982 (Vl,
1384 2915 1428 2978 95,
1440 2915 1468 2970 ot
1484 2915 1563 2970 ἱππα·

392 3006 477 3069 γωγοί
494 3004 563 3066 νέες,
580 3004 632 3067 τὰς
658 3008 709 3067 τῷ
736 3004 916 3069 προτέρῳ
940 3004 995 3057 ἔτει
1013 3011 1135 3071 προεῖπε,
1154 3001 1214 3054 vide
1227 2999 1272 3069 v1,
1283 2998 1328 3067 48)
1346 3000 1422 3054 Datis
1439 3007 1467 3054 et
1484 3000 1563 3052 Arta·

395 3088 508 3157 phernes
526 3086 600 3139 missi
619 3092 681 3140 sunt
697 3086 726 3139 in
745 3086 899 3148 Graeciam,
917 3086 964 3157 qui
981 3088 1015 3140 ad
1033 3087 1223 3141 Marathonem
1246 3089 1401 3154 (auctumno
1419 3085 1483 3139 anni
1501 3084 1563 3151 490)

392 3190 454 3226 oum
473 3171 682 3227 Atheniensibus
699 3172 883 3227 conflixerunt.
911 3173 962 3226 Sed
980 3174 1093 3227 fortasse
1121 3173 1189 3227 haec
1217 3172 1344 3226 Herodoti
1365 3171 1464 3224 indicia
1483 3170 1563 3224 nimis

392 3274 445 3310 non
465 3257 583 3327 urgenda
602 3264 672 3311 suut.
