3600 5317
793 462 930 517 ..17-

275 582 430 648 Miltiadis
451 582 491 647 ad
512 582 628 648 tamam
650 601 744 666 quam
766 601 821 666 per
835 582 1063 649 Marathoniam
1085 602 1222 669 pugnam
1244 584 1304 649 sibi
1326 603 1445 669 compa·

275 685 399 760 navent
421 704 544 769 prorsus
565 685 734 769 patefaciat
748 686 805 769 (1).
822 685 867 752 Ut
881 686 966 752 brevi
982 686 1167 770 praecidam,
1182 705 1255 751 oum
1269 686 1445 753 Herodotus

274 786 452 853 Miltiadem
474 787 618 873 effugisse
640 789 780 866 testetur,
796 788 963 853 tenendum
986 807 1092 854 censeo
1113 788 1291 854 Miltiadem
1314 789 1445 875 Scythas

274 888 429 975 effugisse,
454 889 577 955 etiamsi
600 889 739 973 plerique
761 888 901 955 historici
924 890 1073 955 Herodoti
1095 891 1279 955 anctoritate
1301 890 1445 975 despecta

228 1053 238 1076 ,
273 991 438 1057 deteriores
453 992 593 1057 auctores
614 992 702 1074 sequi
724 991 923 1056 maluerunt:
940 992 1109 1074 quodcum
1131 993 1345 1077 statuerimus,
1360 995 1445 1058 riam

273 1094 497 1160 communitam
519 1093 645 1176 quidem
679 1094 829 1159 hahemus
862 1093 901 1158 ad
934 1097 1050 1159 rectam
1083 1095 1257 1178 temporum
1291 1095 1444 1160 rationem

273 1193 504 1277 assequendam,
526 1196 563 1259 ut
584 1193 677 1277 paulo
699 1195 768 1277 post
788 1192 973 1259 ridebimus.
998 1193 1075 1274 Quis
1092 1214 1162 1261 vero
1177 1199 1370 1282 repugnante
1384 1198 1445 1263 Hc

273 1296 378 1362 rudoto
406 1297 513 1362 auctor
537 1296 633 1362 fuerit
666 1296 844 1362 Miltiadem
870 1296 1035 1380 reliquisse
1066 1296 1289 1364 Chersonesum
1318 1318 1378 1364 non
1407 1301 1446 1364 ut

273 1397 461 1485 Scytharum
481 1399 634 1483 impetum
661 1399 784 1478 vitaret,
806 1398 859 1464 sed
885 1400 923 1464 ut
944 1401 1010 1465 irae
1034 1399 1127 1465 Darei
1149 1400 1216 1485 regi
1237 1420 1269 1466 se
1284 1402 1445 1467 subtrahe·

272 1503 330 1581 ret,
358 1520 418 1567 nou
450 1501 562 1585 liquet:
594 1501 648 1567 sed
671 1520 742 1566 curn
765 1500 798 1565 id
830 1500 993 1567 Comelins
1014 1502 1117 1585 Nepos
1141 1502 1301 1584 (Miltiod.
1325 1503 1388 1570 Vir.
1410 1506 1445 1586 3)

272 1603 377 1668 undat
408 1605 441 1670 et
472 1604 538 1669 ueri
570 1602 772 1669 simillimum
805 1604 848 1668 sit
875 1602 1055 1669 Cornelium
1082 1603 1234 1688 Nepotem
1260 1624 1295 1670 ex
1324 1605 1445 1690 Ephoro

272 1709 329 1771 sut
339 1706 443 1789 ipsum
451 1705 590 1771 hausisse
601 1709 659 1770 aut
669 1742 704 1753 -
716 1705 798 1789 quod
808 1705 1002 1789 probabilius
1013 1708 1061 1771 ast
1072 1743 1114 1754 —
1124 1725 1179 1790 par
1189 1706 1268 1772 alios
1282 1707 1445 1792 scriptores

271 1808 386 1892 Ephori
403 1808 583 1874 testimonia
594 1807 740 1874 retulisse
757 1845 798 1854 —
819 1809 901 1873 recte
921 1808 1073 1891 suspicari
1086 1827 1252 1892 possumus
1274 1810 1443 1894 Ephorum,

270 1930 344 1976 suae
358 1910 575 1976 consuetudini
597 1910 790 1989 obsecutum,
814 1929 886 1976 cum
909 1930 945 1975 er
966 1910 1122 1976 Herodoto
1137 1912 1292 1977 hausisset
1306 1913 1388 1995 quod
1404 1913 1444 1978 ad

271 2012 435 2078 consilium
450 2014 533 2077 inter
545 2013 693 2097 tyrannos
707 2013 862 2097 agitatum
878 2012 916 2078 de
930 2011 1129 2078 rescindendo
1141 2016 1234 2098 ponte
1248 2013 1286 2078 ad
1298 2015 1443 2080 Histrum

272 2116 471 2200 pertinerent,
483 2118 577 2199 atque
592 2135 665 2181 eum
681 2114 741 2180 sibi
756 2133 867 2199 parum
882 2118 1024 2181 constare
1038 2116 1225 2199 opinaretur,
1240 2116 1295 2199 qui
1311 2116 1444 2203 Scythas

271 2219 348 2283 lines
368 2216 525 2282 Miltiadis
545 2217 670 2301 imperii
692 2216 872 2283 invadentes
893 2215 1019 2296 iaceret,
1044 2217 1209 2284 sustulisse
1241 2217 1444 2284 difficultates

222 2345 227 2356 ·
271 2319 317 2384 ita
338 2321 375 2385 ut
396 2321 547 2385 statueret
568 2318 745 2384 Miltiadem
767 2318 882 2385 redisse
904 2320 1052 2394 Athenas,
1074 2320 1209 2386 veritum
1230 2339 1270 2386 ne
1290 2321 1444 2387 Daransa

271 2440 303 2487 se
324 2440 436 2506 poenas
452 2421 598 2506 erigeret

313 2525 358 2588 At
379 2524 518 2607 quaestio
540 2522 692 2607 impedita
712 2525 760 2589 est
779 2525 905 2608 propter
920 2523 1140 2590 obscuritatem
1172 2523 1338 2590 Herodotei
1371 2524 1443 2604 loci,

271 2626 326 2709 qui
348 2626 553 2710 interpretum
580 2625 706 2711 ingenia
732 2625 848 2691 mirum
870 2627 1025 2709 quantum
1058 2625 1149 2691 torsit
1177 2629 1209 2692 et
1239 2627 1322 2692 varie
1354 2626 1443 2692 intel·

271 2728 371 2794 lectus
393 2730 449 2794 est.
471 2728 631 2793 Nimirum
652 2747 725 2794 cum
747 2747 783 2793 ex
805 2747 838 2794 eo
860 2728 1071 2814 inteMegandc
1092 2728 1232 2811 quaestio
1253 2728 1292 2794 de
1306 2730 1443 2813 tempore

271 2850 332 2914 quo
353 2831 473 2896 Dareus
505 2830 544 2894 ad
577 2828 709 2915 Scythas
741 2830 961 2914 perdomandos
994 2830 1037 2896 sit
1064 2830 1233 2914 protectus,
1264 2849 1378 2915 magna
1406 2850 1442 2896 ex

272 2935 360 3016 parte
381 2932 523 3016 pendeat,
545 2934 682 3016 pretium
705 2950 812 3016 operae
834 2934 882 2997 est
903 2933 1006 2998 locum
1029 2932 1198 2997 exscribere
1231 2933 1263 2997 et
1285 2950 1363 3014 quae
1394 2952 1443 2997 re·

270 3035 420 3100 certiores
441 3034 637 3119 protulerint,
660 3034 794 3100 breuiter
815 3033 938 3100 referre.
962 3035 1072 3119 Itaque
1093 3034 1268 3100 Herodotea
1289 3035 1384 3100 rerba
1405 3037 1442 3099 ut

270 3138 303 3201 in
331 3137 421 3202 libris
453 3136 672 3219 manuscriptis
705 3137 853 3223 leguntur
886 3138 962 3203 haec
996 3139 1069 3202 sunt
1095 3136 1259 3218 (V1,40):
1293 3135 1441 3214 Ούτοςό

272 3239 418 3320 Κίμωνος
440 3240 617 3318 Μιλτιάδης
646 3239 765 3305 νεωστί
796 3242 854 3319 μέν
887 3240 1041 3318 ἐληλύθεε
1074 3241 1108 3320 ἐς
1133 3241 1193 3318 τὴν
1216 3239 1441 3317 Χερσόνησον,

271 3342 488 3423 κατελάμβανε
510 3344 547 3407 δέ
570 3363 622 3422 μιν
645 3342 783 3409 ἐλθόντα
810 3343 892 3407 ἄλλα
919 3347 986 3409 τῶν
1009 3344 1214 3419 κατεχόντων
1245 3341 1441 3420 πρηγμάτων

270 3445 487 3524 χαλεπώτερα.
534 3446 672 3528 τρίτῳ
710 3447 787 3523 μὲν
824 3446 911 3523 γὰρ
955 3445 1052 3510 ἔτεϊ
1090 3445 1271 3509 τούτων
1316 3444 1442 3523 Σκύθας

271 3546 441 3626 ἐκφεύγει·
474 3547 594 3610 Σκύθαι
627 3547 689 3625 γὰρ
713 3545 743 3610 οἱ
766 3547 905 3626 νομάδες
939 3547 1159 3624 ἐρεθισθέντες
1192 3544 1256 3607 ὑπὸ
1290 3546 1441 3624 βασιλέος

272 3648 415 3727 Δαρείου
448 3650 725 3728 συνεστράφησαν
760 3650 810 3713 καὶ
846 3649 973 3729 ἤλασαν
1009 3651 1099 3728 μέχρι
1130 3651 1188 3725 τῆς
1226 3646 1441 3723 Χερσονήσου
1512 3723 1514 3726 ,

270 3753 389 3830 ταύτης
402 3798 495 3814 .....
518 3754 620 3816 ταῦτα
643 3753 700 3830 μὲν
723 3752 762 3830 δὴ
785 3751 881 3835 τρίτῳ
904 3752 969 3817 ἔτεϊ
991 3752 1152 3828 πρότερον
1188 3749 1338 3826 ἐγεγόνεε
1374 3752 1441 3815 τῶν

270 3855 344 3919 τότε
356 3874 407 3932 μιν
423 3854 638 3932 κατεχόντων.
655 3854 701 3917 Ac
715 3852 849 3936 profecto
863 3852 956 3917 verba
971 3853 1068 3935 τρίτῳ
1084 3852 1217 3931 μὲνγὰρ
1233 3855 1298 3918 ἐτει
1314 3851 1440 3917 τούτων

304 4126 342 4194 (1)
358 4126 504 4196 Postquam
523 4125 589 4179 haec
608 4124 891 4193 commentatiuncula,
915 4140 985 4194 quae
1011 4139 1083 4176 nunc
1100 4130 1272 4177 retractatam
1294 4123 1392 4177 iterum
1412 4122 1441 4175 in

271 4211 368 4280 vulgus
385 4209 442 4271 edo,
460 4209 489 4262 in
507 4209 594 4263 lucem
621 4208 728 4279 prodiit,
753 4208 809 4263 vidi
835 4208 883 4261 Ed.
902 4208 1043 4279 Meyerum
1060 4208 1147 4261 obiter
1173 4207 1306 4262 Herodoto
1329 4206 1442 4277 patroci-

270 4301 365 4347 natum
382 4310 440 4348 ease
457 4294 487 4348 in
503 4294 684 4364 ephemeride,
702 4293 746 4347 cui
759 4310 774 4347 ι
785 4292 945 4361 Philologus
956 4312 972 4345 a
986 4291 1125 4362 inscriptio
1136 4299 1176 4346 ast
1188 4294 1258 4361 (ann.
1273 4291 1350 4360 1889)
1363 4292 1441 4356 (For-

271 4378 414 4448 scbunqen
432 4380 483 4432 der
499 4379 576 4432 alten
598 4379 766 4441 Gescbiobte,
784 4378 805 4442 1,
823 4377 866 4443 16,
883 4378 944 4431 adn.
964 4378 989 4441 1,
1006 4377 1052 4447 qui
1070 4377 1138 4432 liber
1153 4379 1299 4447 impressus
1316 4383 1357 4430 est
1378 4376 1439 4429 Hali

272 4465 416 4528 Saxonum,
434 4481 496 4520 ann.
513 4463 727 4532 Mncccxcu).
