3600 5317
870 406 1007 460 ..16-

395 526 497 611 Igitur
514 547 585 591 eum
601 527 911 592 demonstraverimus
922 529 1025 591 omnia
1039 526 1156 591 indicia
1171 546 1250 610 quae
1265 526 1304 590 ad
1319 527 1520 592 statuendum

354 629 523 693 terminum
555 633 626 695 ante
648 649 741 713 quem
762 630 882 694 Dareus
904 630 936 694 in
959 629 1121 713 Scythiam
1144 628 1316 707 invasisset,
1339 628 1445 693 inania
1467 631 1522 694 aut

355 729 481 813 quidem
492 732 699 797 incertissima
713 750 788 810 esse,
800 731 1015 796 testimonium
1037 730 1190 815 quoddam
1205 730 1354 795 Herodoti
1370 730 1522 796 excutien-

356 832 430 897 dum
443 833 596 911 ducimus,
609 834 688 918 quod
704 835 784 900 recte
795 834 1002 912 intellectum,
1015 835 1177 917 antecapta
1188 834 1383 917 persuasione
1394 835 1522 912 remota,

355 934 481 1000 fortasse
503 936 757 1001 confirmaturum
782 938 829 1001 est
851 936 1037 1002 sententiam
1059 936 1215 1018 opinantis
1247 935 1348 1000 multo
1369 934 1523 1001 recentius

356 1036 450 1102 tirieae
465 1056 558 1121 quam
571 1037 664 1123 vulgo
685 1037 821 1102 creditur
843 1037 963 1103 bellum
985 1039 1121 1102 aDareo
1143 1036 1268 1122 Scythis
1293 1036 1435 1102 illatum:
1458 1036 1524 1101 He-

356 1138 480 1204 rodotus
501 1140 585 1205 enim
606 1140 703 1205 tradit
724 1139 901 1205 Miltiadem
923 1138 993 1223 (VI,
1014 1140 1070 1224 40)
1092 1140 1233 1205 coactum
1256 1158 1320 1205 esse
1347 1139 1524 1222 relinquere

357 1239 576 1306 Chersonesum
590 1244 625 1306 ut
637 1240 823 1326 Scytharum
838 1242 965 1326 agmina
976 1260 994 1306 a
1006 1243 1105 1307 Dareo
1116 1242 1248 1308 excitata
1259 1242 1381 1307 ritaret.
1394 1240 1523 1321 Quando

356 1341 388 1405 id
410 1342 570 1408 Miltiades
592 1344 708 1421 fecerit,
729 1342 811 1408 infra
832 1343 1023 1409 ridebimus:
1047 1362 1129 1409 nunc
1149 1363 1220 1410 rere
1241 1343 1461 1427 inquirendum
1476 1344 1524 1408 eat

355 1443 510 1509 Herodoto
541 1446 575 1510 in
607 1447 663 1511 hoc
692 1445 767 1511 tides
793 1445 958 1510 tribuenda
980 1445 1023 1510 sit
1044 1464 1147 1511 necne.
1170 1445 1329 1511 Nimirum
1361 1446 1423 1510 alio
1454 1444 1522 1510 loco

356 1545 425 1627 (lV,
450 1547 599 1629 lar-139)
619 1548 793 1613 Herodotus
814 1548 959 1627 testatur,
980 1547 1169 1624 Miltiadem,
1191 1566 1263 1612 cum
1284 1548 1408 1630 pontem
1430 1566 1522 1630 super

356 1648 500 1713 Histrum
515 1649 633 1713 iactum
654 1668 726 1714 cum
741 1650 851 1715 ceteris
872 1651 1013 1735 tyrannis
1029 1650 1178 1729 tueretur,
1196 1647 1321 1733 Scythis
1342 1648 1523 1713 iubentibus

356 1750 526 1816 rescindere
541 1751 768 1816 assentiendum
790 1771 855 1817 esse
870 1752 1054 1817 declarasse:
1077 1751 1255 1816 Histiaenm
1271 1752 1376 1815 autem
1391 1749 1420 1815 ei
1435 1750 1522 1815 rehe-

356 1853 475 1917 menter
498 1852 658 1931 restitisse,
681 1872 752 1918 cum
774 1853 956 1932 ostenderet,
979 1855 1078 1919 Dareo
1099 1854 1132 1917 in
1154 1852 1319 1936 inhospitis
1341 1852 1464 1935 Scythae
1479 1871 1523 1917 ra

356 1954 499 2038 gionihus
521 1954 639 2033 relicto,
661 1955 724 2019 fore
746 1957 782 2019 nt
804 1956 943 2020 omnium
965 1958 1165 2040 tyrannorum
1184 1955 1316 2039 imperia
1337 1955 1522 2020 corruerent

358 2058 463 2123 Velim
497 2059 640 2140 equidem
664 2059 805 2125 attendas
826 2079 903 2124 num
924 2077 1029 2125 revera
1050 2059 1170 2124 Dareus
1191 2060 1296 2142 postea
1317 2058 1349 2122 in
1382 2056 1523 2122 Histiaeo

356 2162 475 2225 tantam
491 2160 637 2226 fiduciam
657 2162 801 2227 habuisse
817 2161 968 2240 rideatur,
985 2162 1022 2226 nt
1040 2161 1072 2225 in
1094 2161 1253 2226 tralaticia
1270 2178 1342 2226 voce
1363 2160 1454 2243 plane
1476 2178 1523 2225 ac·

356 2261 574 2345 quiescendum
596 2264 658 2328 sit!
674 2264 722 2347 (1)
748 2264 911 2330 Praeterea
926 2282 1117 2346 quamquam
1138 2264 1267 2346 minime
1279 2262 1342 2328 veri
1358 2262 1521 2340 dissimile,

355 2366 392 2428 ut
406 2364 590 2447 quibusdam
604 2364 725 2431 videtur
739 2366 797 2451 (2),
814 2365 946 2450 Scythas
960 2366 1109 2431 invasisse
1124 2365 1200 2430 fines
1213 2364 1338 2449 imperii
1355 2364 1521 2442 Miltiadis,

356 2466 411 2549 qui
433 2465 472 2531 ab
494 2467 534 2531 iis
555 2467 687 2546 fecisset,
703 2470 806 2532 tamen
829 2468 984 2533 neminem
1006 2467 1089 2552 fugit
1111 2468 1201 2553 longe
1223 2465 1435 2532 addubitanda
1457 2485 1521 2531 ease

357 2586 436 2650 quae
451 2568 488 2633 de
503 2569 578 2633 viris
601 2569 705 2652 aliquo
716 2569 832 2654 insigni
854 2568 988 2634 facinore
1005 2569 1098 2634 elaris
1119 2569 1280 2633 hominum
1303 2587 1440 2633 sermone
1456 2586 1521 2652 pro·

354 2671 462 2754 pagati
478 2671 604 2735 soleant.
628 2671 787 2736 Miltiades
800 2671 883 2736 enim
904 2671 942 2736 ad
965 2671 1179 2736 Marathonem
1202 2671 1311 2736 Persas
1333 2670 1465 2736 devicit:
1485 2690 1521 2735 ex

353 2774 410 2838 hoc
432 2772 577 2838 videlicet
598 2773 689 2839 facile
711 2774 956 2857 consequebatur
985 2774 1022 2837 nt
1050 2774 1216 2839 haberetur
1237 2792 1357 2856 semper
1378 2772 1521 2838 incensus

352 2873 532 2958 inexpiabili
556 2876 589 2939 in
610 2876 720 2941 Persas
741 2876 810 2941 odio
833 2876 939 2955 luisse,
962 2876 1000 2940 ob
1022 2894 1151 2957 eamque
1175 2894 1250 2950 rem,
1272 2878 1309 2939 ut
1332 2873 1519 2940 Graecomm

353 2976 494 3042 civitates
515 2976 670 3054 liberaret,
687 2978 914 3060 patrocinatum
930 2997 994 3043 esse
1017 2976 1143 3062 Scythis
1165 2978 1330 3042 Persarum
1354 2977 1436 3062 regis
1458 2996 1523 3059 per·

354 3079 467 3144 niciam
490 3079 699 3143 suadentibus.
716 3079 797 3159 Quid
820 3080 935 3144 mirum
958 3080 982 3145 si
1007 3099 1086 3163 quae
1101 3081 1168 3145 eius
1188 3080 1312 3164 ingenio
1326 3079 1523 3144 convenirent

355 3180 485 3245 decursu
506 3182 652 3267 temporis
673 3201 779 3247 revera
799 3181 883 3247 facta
913 3202 977 3247 esse
1009 3182 1281 3248 existimarentur?
1314 3180 1359 3245 Ac
1389 3180 1522 3264 proiecto

355 3301 454 3359 nemo,
469 3282 544 3365 quin
559 3285 601 3346 sit
623 3283 655 3347 in
678 3285 743 3348 arte
761 3283 870 3348 critica
891 3283 1071 3368 peregrinus
1094 3284 1187 3365 atque
1209 3283 1327 3366 hospes,
1350 3282 1440 3347 facile
1462 3301 1522 3347 non

354 3383 517 3469 intelleget
538 3386 599 3449 reri
628 3384 763 3450 similius
786 3404 908 3463 rocem,
930 3404 993 3468 qua
1020 3384 1180 3449 Miltiades
1210 3384 1341 3469 Scythas
1369 3384 1521 3469 effugerit

354 3484 485 3550 colerem
508 3486 659 3568 opinionis
692 3487 876 3570 antiquioris
909 3487 1034 3564 referre,
1056 3506 1127 3551 cum
1150 3486 1264 3560 altera,
1288 3503 1350 3569 qua
1382 3488 1523 3551 metuens

354 3587 448 3652 Darei
470 3588 549 3652 iram
564 3588 726 3671 reliquerit
740 3588 973 3668 Chersonesum,
988 3587 1128 3655 studium
1151 3586 1400 3653 accommodandi
1422 3606 1522 3654 meres

388 3815 425 3887 (1)
442 3816 497 3871 cu.
515 3818 611 3872 Herod.
622 3818 655 3881 V,
665 3818 708 3878 24,
726 3819 796 3872 uude
813 3818 898 3887 liquet
918 3819 1028 3871 ilistiaei
1046 3819 1126 3871 fidem
1145 3818 1231 3871 Dareo
1249 3824 1399 3887 suspectam
1419 3817 1517 3871 tuisse:

354 3903 403 3956 cfr.
421 3903 454 3967 V,
471 3902 513 3972 35,
530 3905 600 3957 unde
617 3903 835 3956 manifestissime
847 3910 957 3973 apparet
973 3904 1088 3956 Dareum
1102 3901 1174 3956 haud
1185 3903 1285 3955 iniuria
1296 3902 1330 3956 de
1342 3901 1455 3956 Histiaei
1470 3901 1522 3955 fide

354 3988 526 4057 suspicatum,
543 3994 570 4041 et
587 3986 632 4049 Vl,
646 3992 669 4051 1,
681 3988 727 4041 uhi
740 3987 923 4057 Artaphernes
935 3987 1071 4041 inducitur
1083 3994 1154 4041 reete
1166 3993 1313 4056 auguratus
1326 4002 1419 4041 omnes
1430 3986 1523 4039 turbas

355 4073 390 4125 ah
407 4072 527 4127 Histiaao
544 4089 602 4127 esse
619 4073 762 4127 excitatas

389 4158 427 4225 (2)
445 4156 499 4210 Cir.
518 4157 696 4219 annnwann,
715 4157 829 4227 History
846 4159 882 4226 of
896 4156 991 4219 Gracc,
1008 4158 1061 4211 vol.
1079 4156 1111 4220 ll,
1129 4158 1198 4227 App.
1217 4156 1248 4219 ll,
1267 4174 1292 4225 p.
1310 4154 1369 4219 486,
1386 4155 1430 4208 eh.
1448 4153 1523 4218 xlv,

355 4259 381 4312 p.
392 4241 513 4295 cae-229.
531 4242 582 4296 Hic
600 4242 714 4296 coniecit
731 4242 882 4295 Miltiadem
899 4248 963 4295 ante
980 4258 1099 4311 pugnam
1117 4242 1324 4304 Marathoniam,
1342 4247 1372 4293 nt
1388 4256 1522 4293 summum

356 4327 498 4396 imperium
521 4326 727 4397 adipisceretur,
745 4326 866 4381 consulto
885 4328 955 4381 haue
973 4327 1006 4381 de
1023 4328 1180 4381 rescissione
1208 4326 1296 4397 pontis
1315 4325 1443 4380 fabellam
1460 4341 1523 4379 con-

356 4413 472 4469 finxisse.
491 4412 548 4467 Hoc
565 4428 628 4467 vero
647 4412 725 4466 hodie
743 4428 777 4466 ne
795 4412 907 4482 dignum
925 4412 1032 4482 quidem
1050 4418 1090 4465 est
1108 4412 1177 4482 quod
1195 4410 1343 4465 refellatur.
