3600 5317
912 420 1049 473 ..20-

312 575 315 580 >
396 540 586 622 γόνεσαν...)
607 541 745 605 exortum
768 558 833 605 esse
855 559 872 605 e
893 539 1069 623 corruptela
1083 539 1225 606 lectionis
1240 540 1391 624 genuinae
1403 540 1500 623 τρίτῳ
1514 542 1566 605 καὶ

398 642 521 724 δεκάτῳ
543 641 585 726 (γ’
600 660 636 706 ex
650 640 718 724 ιγ’);
734 641 837 708 locum
856 642 903 707 ita
925 642 1123 708 emendatum
1146 642 1185 706 ad
1207 641 1345 707 ordinem
1367 660 1470 707 rerum
1493 660 1567 707 suae

395 743 643 826 interpretationi
671 762 743 809 sane
771 745 989 829 congruentem
1019 743 1270 810 accommodarit.
1301 744 1365 809 Nec
1400 743 1568 828 probabili·

395 845 471 910 tatis
495 863 637 910 numeros
662 845 695 909 in
720 846 778 909 hac
803 846 1016 911 emendatione
1038 846 1137 911 inesse
1166 846 1352 931 negaverim,
1374 848 1433 911 hac
1460 849 1564 911 tamen

395 946 571 1012 condicione
597 951 634 1012 ut
663 947 690 1011 si
723 947 878 1012 utrumvis
906 948 1004 1032 τρίτῳ
1028 950 1207 1031 corruptum
1238 966 1371 1026 censeas,
1397 948 1566 1030 utrumque

394 1053 573 1133 corruptum
596 1069 660 1115 esse
681 1050 859 1116 constituas.
882 1050 950 1116 Hoc
971 1050 1072 1115 multo
1095 1051 1196 1135 magis
1217 1050 1384 1116 tenendum
1406 1053 1455 1115 est
1468 1052 1566 1134 euplo·

397 1151 481 1217 denti
503 1151 724 1216 Herbstianam
748 1152 915 1218 Herodotei
941 1151 1000 1218 loci
1031 1152 1338 1235 interpretationem:
1362 1171 1563 1236 quamquam,

397 1254 424 1319 si
445 1253 634 1319 Herbstiana
655 1253 829 1319 emendatio
857 1255 1056 1338 probaretur,
1079 1273 1199 1320 necessa
1231 1257 1312 1320 esset
1343 1254 1566 1321 arbitraremur

395 1355 560 1420 librarium
587 1357 742 1438 utrunque
764 1355 803 1435 ιγ’
825 1357 858 1420 in
881 1356 908 1432 γ’
929 1356 1118 1440 depravasse,
1141 1359 1198 1422 aut
1219 1357 1364 1422 lectorem
1387 1375 1497 1439 parurn
1518 1357 1565 1421 di·

395 1458 545 1544 ligantem
561 1463 593 1525 et
614 1458 805 1543 prudentem,
823 1478 893 1523 cum
917 1478 1010 1542 supra
1031 1478 1190 1542 perperam
1211 1459 1239 1535 γ’
1260 1459 1397 1543 legisset,
1420 1460 1566 1525 maluisse

397 1560 500 1627 locum
522 1581 631 1626 sanum
646 1579 839 1643 corrumpere
862 1580 957 1643 quam
979 1563 1158 1645 corruptum
1181 1560 1342 1646 corrigere.
1365 1561 1460 1627 Haud
1481 1563 1565 1644 equi·

398 1663 469 1728 dom
490 1663 625 1729 diffiteor
656 1664 713 1729 hoc
734 1662 802 1727 fieri
824 1663 976 1746 potuisse:
1007 1663 1063 1728 sed
1084 1665 1253 1746 antequam
1275 1663 1392 1728 ferrum
1414 1663 1566 1728 adulans

397 1764 612 1849 extirpandum
634 1765 823 1843 admoveam,
846 1783 953 1830 censeo
981 1765 1135 1830 medelam
1158 1765 1365 1830 adhibendam
1387 1784 1461 1831 esse.
1485 1764 1564 1830 Vide

394 1867 493 1951 igitur
514 1887 552 1931 an
575 1887 611 1932 en
632 1855 753 1932 lmale
782 1868 904 1931 exarato
933 1867 1070 1950 potuerit
1100 1867 1213 1933 exoriri
1235 1868 1271 1946 Τ,
1293 1867 1374 1950 quod
1406 1886 1565 1951 perperam

392 1988 448 2053 per
468 1971 565 2053 τρίτῳ
587 1969 809 2053 transcriptum
830 1969 937 2047 fuerit,
960 1971 1016 2034 aut
1046 1972 1066 2034 Γ
1069 2018 1076 2048 ,
1093 1988 1173 2051 quae
1198 1972 1248 2034 est
1269 1969 1390 2035 numeri
1413 1970 1463 2034 ΙΙΙ
1484 1973 1565 2035 nota.

393 2072 503 2154 ltaque
528 2071 676 2136 librarius
698 2071 749 2135 cui
771 2071 899 2136 verbum
922 2071 1077 2153 spiraret
1099 2071 1285 2155 corruptela
1305 2074 1444 2136 exortum
1465 2072 1567 2138 obver-

393 2176 529 2252 saretur,
551 2172 729 2256 imprudens
751 2172 820 2237 falli
842 2174 946 2256 potuit
972 2172 1069 2238 altero
1103 2173 1189 2251 loco,
1211 2173 1336 2238 etiamsi
1358 2174 1477 2238 intente
1497 2193 1565 2258 per-

392 2275 509 2360 legenti
530 2277 602 2339 nota
623 2275 714 2340 facile
739 2274 930 2358 dispicienda
962 2271 1109 2358 erat'(l).
1139 2275 1250 2357 ltaque
1272 2275 1445 2341 rationibus
1469 2276 1566 2341 histo·

391 2377 465 2442 risis
498 2377 707 2462 suffragantur
736 2380 921 2462 argumenta
953 2397 988 2442 en
1021 2377 1323 2463 palaeographorum
1356 2379 1423 2443 arte
1455 2379 1562 2461 petita

337 2486 339 2489 ’
390 2483 483 2563 atque
516 2479 648 2561 utraque
676 2481 758 2545 inter
787 2499 819 2544 se
851 2480 1038 2545 concinnunt
1070 2484 1102 2545 st
1134 2480 1338 2545 consentiunt.
1376 2480 1457 2544 Nam
1487 2500 1559 2545 cnm

388 2580 563 2646 Herodotus
595 2579 699 2646 tradat
720 2582 843 2665 δεκάτῳ
865 2583 929 2647 ἔτεϊ
951 2584 1117 2665 autequam
1139 2580 1254 2647 rediret
1282 2582 1314 2645 iu
1337 2581 1559 2648 Chersonesum

389 2683 549 2748 Miltiades
571 2680 701 2767 Scythas
723 2683 875 2768 effugisse,
898 2687 1018 2749 constat
1038 2683 1162 2749 omnino
1183 2685 1244 2748 sibi
1271 2703 1305 2749 so
1331 2684 1412 2767 quod
1445 2685 1560 2750 Lemno

390 2787 507 2870 potitus
528 2788 575 2851 est
589 2822 631 2835 -
648 2787 674 2850 si
697 2786 762 2869 ipsa
785 2787 900 2852 Lemno
922 2786 1040 2869 potitus
1054 2788 1111 2865 est,
1127 2805 1185 2852 non
1201 2786 1360 2852 Miltiades
1380 2785 1557 2870 Cypselides

389 2927 422 2935 —·
445 2888 545 2953 multo
567 2891 638 2953 ante
660 2889 770 2953 lonum
786 2887 967 2953 seditionem
990 2888 1047 2971 (2).
1071 2887 1159 2953 Unde
1182 2888 1218 2952 lit
1240 2891 1277 2952 ut
1297 2887 1459 2953 Miltiades
1480 2907 1559 2953 anno

418 3142 457 3211 (1)
475 3143 503 3196 ld
520 3143 579 3197 fieri
606 3143 724 3213 potuisse
750 3141 977 3197 demonstratione
1000 3159 1055 3196 nou
1081 3142 1193 3212 indiget.
1221 3141 1289 3197 Vide
1315 3142 1386 3212 apud
1413 3142 1558 3213 Harpocra-

388 3227 488 3282 tionem
505 3229 694 3295 δεκαδαρχίαν,
712 3228 782 3298 quod
799 3228 960 3282 vocabulum
977 3228 1006 3281 in
1023 3227 1213 3282 Demosthenis
1231 3227 1423 3296 manuscriptis
1439 3228 1558 3298 antiquis

389 3313 551 3383 temporibus
568 3313 652 3367 tuisse
669 3318 790 3367 testatur.
809 3313 911 3367 Tamen
929 3314 1115 3381 δεκαδαρχίαν
1132 3329 1165 3367 ex
1183 3302 1337 3369 ᾸΑΡΧΙΑΝ
1363 3318 1484 3366 exortam
1500 3329 1558 3367 esse

388 3398 509 3468 plerique
525 3398 578 3453 viri
595 3398 666 3453 docti
684 3398 862 3453 consentiunt.
881 3398 1009 3472 ‘Ceterum
1021 3398 1072 3453 etsi
1090 3398 1193 3452 nullam
1211 3414 1288 3468 opem
1300 3397 1419 3453 rationes
1430 3398 1559 3469 diploma·

389 3483 458 3537 ticae
476 3483 599 3546 afferunt,
617 3499 817 3553 nonnumquam
835 3483 993 3553 scriptorum
1012 3483 1064 3538 loci
1081 3483 1234 3552 corrigendi
1250 3489 1321 3536 suut.

423 3569 460 3636 (2)
478 3568 619 3622 Eduardus
636 3569 730 3638 Meyer
746 3568 959 3637 (Forschungen
981 3570 1034 3622 der
1058 3569 1136 3622 alten
1158 3568 1329 3632 Geschichtc,
1348 3567 1368 3632 l,
1387 3567 1432 3636 14)
1455 3568 1560 3622 demon·

389 3654 484 3707 stravit
502 3652 618 3707 insulam
631 3653 760 3707 Lemnum
775 3654 808 3706 ab
821 3653 1032 3708 Atheniensibus
1043 3652 1167 3707 Miltiade
1180 3653 1246 3707 duce
1258 3653 1383 3720 (fortasse
1400 3669 1453 3706 non
1466 3655 1560 3721 Μαρα·

389 3740 547 3807 θανόμαχον
574 3737 621 3792 sed
647 3738 833 3809 Cypselidam¹
847 3739 916 3799 ibid.
935 3739 983 3806 16)
1008 3746 1166 3809 occupatam
1185 3754 1243 3792 esse
1266 3737 1351 3792 multo
1377 3745 1440 3792 ante
1465 3737 1559 3792 lenum

389 3823 565 3877 seditionem:
583 3823 627 3876 cui
644 3825 796 3893 refragatur
815 3822 834 3876 l.
846 3822 948 3878 Beloch
959 3823 1083 3891 (Gricch.
1099 3823 1205 3882 Gessit,
1215 3823 1235 3886 1,
1247 3839 1272 3893 p.
1283 3821 1342 3886 351,
1359 3822 1421 3876 adn.
1429 3822 1457 3890 2)
1470 3822 1558 3876 fretus

390 3907 432 3960 his
449 3908 519 3977 quod
537 3906 651 3977 populus
669 3908 697 3961 in
714 3908 801 3962 trihus
818 3907 998 3962 Clistheuicas
1014 3908 1173 3961 distributus
1197 3906 1250 3960 fuit
1266 3906 1336 3975 (cla
1355 3906 1413 3970 143,
1432 3904 1492 3973 144)
1509 3922 1559 3960 nec

390 3991 453 4046 novi
471 3996 553 4061 δῆμοι
570 3993 713 4046 instaurati
730 3993 846 4047 fuerunt·
861 3992 1006 4047 Caletranus
1021 3992 1061 4045 De
1077 3992 1186 4046 Sanctis
1197 3993 1313 4060 (Ἁτιθίς,
1324 4009 1350 4061 p.
1362 3990 1424 4060 291)
1435 3991 1559 4045 Eduardo

387 4077 481 4147 Meyer
499 4078 681 4147 patrocinatus
698 4078 781 4132 dicit:
800 4096 815 4130 ‹
833 4079 844 4132 l
862 4077 938 4132 nomi
955 4076 1025 4132 delle
1041 4078 1128 4145 φυλαί
1145 4076 1216 4131 edei
1228 4076 1298 4130 demi
1310 4079 1393 4130 erano
1404 4075 1491 4130 ormai
1501 4092 1560 4129 con·

387 4162 497 4216 siderati
515 4179 589 4217 come
606 4163 771 4232 intangibili.
789 4163 828 4217 Le
845 4161 982 4216 cleruchie
1000 4162 1124 4216 condotte
1142 4162 1211 4231 dopo
1228 4161 1347 4216 Glistene
1367 4178 1449 4216 erano
1473 4161 1559 4215 distri·

387 4247 461 4302 huite
479 4247 550 4302 nelle
569 4254 652 4302 stesse
670 4247 741 4301 tribui
759 4264 775 4301 e
792 4246 865 4301 demi
893 4246 965 4300 della
990 4246 1111 4316 penisola
1129 4264 1154 4300 τ.
1181 4247 1239 4301 Hoc
1265 4246 1412 4317 disputanti
1429 4246 1458 4300 C.
1477 4247 1515 4301 lle
1532 4245 1558 4299 S.

388 4333 535 4394 assentiorr
554 4340 644 4386 tamen
661 4332 708 4386 vix
726 4334 784 4387 fieri
803 4349 881 4402 posse
907 4331 1032 4386 existimo
1058 4339 1096 4395 ut,
1114 4331 1137 4384 si
1163 4331 1282 4387 Lemnos
1306 4332 1370 4386 inde
1396 4350 1412 4385 a
1438 4330 1559 4385 Miltiade

388 4417 530 4488 Cypselida
549 4419 583 4470 ab
601 4417 810 4472 Atheniensibus
828 4425 959 4486 occupata
977 4424 1055 4478 esset,
1073 4424 1133 4487 post
1160 4417 1244 4487 ipsam
1272 4417 1429 4487 Scythicam
1456 4415 1561 4487 expedi·

1787 260 1790 364 1

1787 683 1790 866 Ι

1786 885 1790 1070 l

1787 1091 1790 1270 l

1787 1295 1790 1452 1

1787 1482 1790 1650 1

1787 1687 1790 1844 1

1787 1863 1790 2026 1

1788 2051 1790 2206 1
