3600 5317
712 474 832 526 ..7-

187 598 311 662 auctore
333 595 388 679 qui
409 593 593 660 iamdudum
609 594 721 661 obierit
735 595 791 660 aut
804 594 1008 678 obmutuerit,
1023 594 1210 659 mentionem
1224 593 1356 669 inicero;

187 718 243 764 nco
264 716 323 763 non
344 697 558 784 neglegentiae
579 697 756 781 nimiaeque
778 697 941 764 brevitatis
962 716 1035 763 eum
1057 698 1169 780 arguat
1192 696 1249 780 (1).

230 799 457 865 Nihilominus
472 836 513 846 -
529 801 565 864 ut
576 803 765 882 praeteream
780 803 868 883 opus‚'
878 797 960 883 quod
975 797 1058 882 apud
1069 801 1186 864 veteres
1199 797 1358 863 Hellanici
1454 824 1463 836 ·

189 902 312 968 nomine
344 900 629 979 circumferebatur,
651 900 827 967 exhibuisse
859 901 926 966 loco
958 899 1090 984 quodam
1128 899 1258 965 totidem
1295 899 1359 965 iere

188 1004 290 1070 verbis
312 1022 391 1086 quae
411 1002 519 1069 eadem
544 1003 720 1069 Herodotus
741 1003 779 1068 de
795 1002 971 1069 Zalmoride
985 1002 1118 1067 tradidit
1132 1039 1172 1050 -
1188 1001 1260 1068 inde
1275 1001 1358 1067 enim

188 1127 208 1173 a
230 1106 338 1173 Oarolo
359 1106 494 1172 Mueller
514 1104 615 1187 (HHG
637 1107 662 1170 Ι.
685 1126 715 1189 p.
737 1105 858 1189 XXVI)
879 1105 931 1171 vix
945 1106 992 1171 est
1009 1103 1188 1170 dubitatum
1204 1105 1280 1188 quin
1302 1106 1360 1170 hoc
1420 1162 1423 1166 .

188 1228 264 1294 opus
286 1211 342 1274 aut
363 1209 445 1274 certe
467 1208 522 1273 ille
543 1208 631 1274 locus
652 1208 730 1274 falso
751 1208 917 1274 Hellanico
948 1207 1105 1273 tributum
1131 1207 1227 1272 fuerit
1248 1208 1261 1291 (
1284 1209 1296 1289 )
1319 1244 1359 1254 -

188 1312 309 1379 constat
328 1311 411 1376 inter
432 1329 537 1377 omnes
557 1310 759 1376 Hellanicum
781 1309 960 1376 adhibuisse
989 1312 1163 1393 temporum
1192 1309 1361 1375 discriben-

189 1414 298 1480 dorum
321 1415 421 1487 artem
441 1432 516 1497 prae
536 1412 711 1478 Herodotea
732 1412 823 1498 longe
838 1414 1014 1496 provectam
1029 1413 1061 1477 et
1075 1412 1252 1496 expolitam,
1268 1415 1361 1495 atquc

190 1534 300 1599 corpus
314 1515 492 1581 fabularum
514 1534 601 1581 nosse
616 1514 697 1599 quod
713 1513 861 1580 Herodoti
877 1516 978 1581 aetate
1000 1513 1135 1580 nondum
1151 1515 1300 1580 coaluisse
1315 1513 1362 1579 vi-

192 1618 311 1684 deatur.
320 1617 439 1683 Verum
450 1618 606 1684 enimvero
616 1620 673 1684 hoc
687 1618 810 1701 aliquid
824 1618 967 1703 ponderis
977 1619 1081 1701 habet,
1092 1637 1151 1683 non
1167 1617 1241 1683 adeo
1255 1619 1359 1682 tamen

191 1723 229 1786 ut
250 1718 404 1785 dubitatio
429 1720 520 1804 plane
536 1720 674 1785 tollatur.
691 1718 779 1800 Quod
793 1714 877 1786 enim
892 1721 1006 1786 attinet
1019 1720 1057 1785 ad
1074 1720 1172 1785 artem
1187 1721 1361 1803 temporum

191 1821 455 1887 disoribendorum
477 1821 509 1885 in
530 1821 696 1887 Hellanico
716 1822 936 1906 provectiorem
956 1821 1189 1903 agnoscendam,
1203 1821 1299 1887 velim
1318 1821 1363 1885 at·

193 1923 301 2015 tendas
322 1923 355 1989 in
377 1923 427 1988 his
448 1925 540 1989 rebus
562 1925 700 1989 multum
721 1924 857 1989 valuisse
879 1962 920 1970 —-
935 1943 990 1989 nec
1005 1924 1096 1990 hodie
1118 1943 1176 1989 non
1199 1924 1305 1989 valent
1319 1960 1362 1972 -

192 2025 438 2109 uniuscuiusque
449 2025 555 2091 studia
565 2028 597 2091 ct
607 2026 837 2110 propensiores:
850 2026 959 2109 quodsi
971 2046 1040 2092 vero
1051 2026 1215 2092 Hellanico
1226 2027 1363 2103 innotuit

194 2127 373 2193 fabularum
396 2146 505 2212 corpus
527 2147 711 2214 magnopere
726 2132 855 2194 auctum
869 2148 942 2212 prae
957 2147 992 2193 eo
1006 2127 1088 2212 quod
1102 2128 1257 2194 Herodoto
1279 2129 1366 2195 inno·

195 2231 293 2296 tuisse
307 2229 460 2310 videatur,
472 2229 780 2296 animadvertendum
796 2249 903 2296 censeo
925 2230 1005 2295 nihil
1020 2229 1233 2296 admirationis
1247 2232 1360 2297 habero

93 2356 98 2368 ⁸
127 2405 129 2408 ,
194 2331 276 2416 quod
290 2332 420 2416 scriptor
431 2333 582 2398 vetustior
592 2335 740 2417 sequatur
761 2332 932 2404 fabulasin
947 2351 1127 2417 compagem
1142 2333 1362 2416 provectiorem

193 2434 344 2514 redactas,
365 2435 469 2500 iunior
491 2437 595 2501 autem
612 2437 753 2501 veterum
773 2434 954 2518 opinionum
975 2435 1112 2521 tenacior
1125 2454 1189 2500 esse
1205 2435 1296 2500 malit
1304 2436 1362 2523 (3).

194 2535 295 2617 Quam
311 2536 433 2616 multos
454 2538 538 2603 enim
560 2538 641 2602 viros
656 2536 761 2603 doctos
781 2538 877 2603 huius
890 2537 1004 2603 aetatis
1025 2537 1170 2620 aequales
1191 2538 1363 2623 Hyacinthi
1461 2567 1462 2570 ¹

195 2640 339 2705 Gimmae
360 2639 465 2722 potius
486 2659 582 2723 quam
617 2639 769 2705 Theodori
804 2640 977 2705 Mommsen
999 2641 1055 2705 aut
1087 2638 1223 2705 Hduardi
1257 2641 1364 2726 Meyer

231 2859 269 2928 (1)
286 2860 305 2923 l,
317 2860 369 2912 97:
387 2863 520 2927 (ἔγραψα
538 2863 567 2915 όέ
586 2863 659 2916 αότά
676 2862 721 2930 (τὰ
739 2864 840 2926 μεταξὺ
859 2865 945 2917 rooba
962 2867 1014 2916 τοι)
1033 2864 1156 2925 πολέμου
1175 2865 1218 2915 καὶ
1236 2866 1288 2916 roll
1308 2863 1365 2929 Μη·

198 2948 285 3005 orceo}
305 2950 349 3001 καὶ
366 2948 420 3011 τὴν
438 2948 554 3012 ἐκβολὴν
571 2952 624 3001 τοῦ
643 2948 728 3012 λόγου
746 2948 920 3013 ἐποιησάμην
938 2949 982 3001 bad
999 2948 1066 3001 τόόε
1078 2947 1188 3013 ότιπρό
1200 2947 1268 3013 ἐμοῦ
1282 2948 1367 3003 ἅπασι

197 3032 305 3096 ἐκλιπὲς
322 3038 411 3086 τοῦτο
429 3033 464 3098 ἢν
483 3032 517 3085 τὸ
536 3032 639 3097 χωρίον
657 3036 700 3087 καὶ
718 3034 735 3098 ἢ
754 3033 789 3086 τὰ
807 3034 862 3097 πρό
889 3037 950 3085 τιῑιν
972 3031 1108 3098 Μηδικῶν
1126 3032 1271 3099 Ἑλληνικὰ
1295 3034 1367 3088 ξυνε-

199 3117 310 3171 τ1θεσαν
327 3119 345 3183 ἢ
364 3117 437 3170 αὐτὰ
455 3119 491 3170 τὰ
510 3118 635 3184 Μηόικά·
655 3120 770 3172 τούτων
788 3119 819 3171 δὲ
836 3119 923 3182 ὅσπερ
942 3120 986 3170 καὶ
1011 3120 1106 3183 ἥψατο
1134 3118 1165 3170 ἐν
1191 3122 1227 3183 τῇ
1253 3118 1366 3183 Ἀττικῇ

199 3204 342 3267 ξυγγραφῇ
353 3201 520 3265 Ἑλλάνικος,
532 3203 655 3269 βραχέως
668 3219 699 3257 τε
716 3204 760 3257 rol
773 3209 832 3266 τοῖς
849 3203 961 3269 χρόνοις
979 3203 1032 3255 οὐκ
1045 3202 1163 3268 ἀκριβῶς
1175 3203 1332 3270 ἐπεμνήσθη
1342 3220 1367 3253 ›.

199 3287 291 3341 Obiter
308 3287 492 3341 animadverto
511 3286 589 3341 hodie
608 3288 684 3357 quasi
703 3290 793 3344 τόπον
806 3290 900 3343 κοινόν
917 3287 946 3341 in
964 3287 1098 3357 plerisque
1109 3287 1216 3357 scriptis
1227 3288 1366 3358 reperiria

200 3371 356 3441 Thucydide
373 3372 411 3425 ita
427 3371 589 3441 castigatum
608 3372 778 3427 Hellanicum
796 3373 866 3442 quod
884 3389 932 3441 per
949 3378 1064 3426 aestates
1081 3379 1109 3426 et
1127 3372 1229 3426 hiemes
1245 3379 1366 3443 tempora

199 3473 253 3511 non
279 3457 419 3511 definierit.
445 3457 546 3511 Vereor
563 3458 687 3528 equidem
713 3465 742 3511 ut
768 3458 850 3512 verba
877 3460 1001 3526 βραχέως
1028 3462 1072 3515 καὶ
1098 3465 1158 3524 τοῖς
1184 3462 1292 3526 χρόνοις
1315 3462 1368 3514 οὐκ

199 3531 319 3610 ἀκριβῶς
336 3542 374 3595 ita
390 3542 511 3611 intellegi
531 3542 620 3596 liceat.

234 3627 271 3696 (2)
289 3627 357 3680 Vide
375 3627 457 3690 Hau,
475 3627 667 3697 Loyoprapbis
683 3630 733 3698 qui
750 3628 885 3682 dicuntur
901 3646 972 3680 num
990 3626 1147 3683 Herodotus
1171 3646 1240 3682 usus
1257 3645 1314 3682 esse
1330 3631 1368 3682 oi·

202 3713 311 3776 deutur,
323 3730 348 3782 p.
361 3711 402 3765 36.
417 3712 475 3766 Hoc
491 3719 563 3765 certe
575 3721 705 3777 tenemus,
716 3713 767 3766 etsi
778 3713 922 3767 Uldaricus
933 3713 965 3766 de
977 3713 1371 3768 WilamowitzMoellendorff

198 3798 372 3867 (Aristotcles
385 3798 446 3851 aad
460 3799 567 3861 Arban„
578 3797 612 3860 ΙΙ,
624 3815 649 3867 p.
663 3798 704 3851 19.
717 3798 785 3851 Adn.
801 3798 852 3865 lo),
864 3798 982 3867 genuina
1000 3798 1082 3851 fuisse
1096 3801 1205 3865 Νόμιμα
1217 3801 1367 3866 βαρβαρικά

201 3882 342 3937 Hellanico
360 3882 459 3938 tributa
477 3882 622 3937 contendit.
641 3883 729 3936 Verba
746 3882 817 3937 enim
845 3900 878 3938 ex
900 3883 953 3937 hoc
978 3899 1058 3952 opere
1084 3882 1222 3952 desumpta
1248 3883 1368 3936 referunt

201 3983 291 4021 rerum
309 3975 494 4022 exornatorem
511 3968 697 4038 potiusquam
715 3967 834 4021 ieiunum
853 3971 1023 4038 ἀναγραφέν.
1083 3962 1087 3970 ’

236 4051 272 4119 (3)
290 4052 390 4114 Nrnsn.
408 4053 460 4107 Dic
482 4052 639 4107 Obrom’lrcn
657 4053 704 4107 des
717 4052 882 4107 Hellanilros
899 4052 1127 4120 (Hermos‚1888‚
1144 4052 1300 4120 ulterari.
1317 4052 1369 4106 85:

204 4136 442 4191 ‹Unverlrenubar
453 4137 488 4191 ist
500 4139 590 4192 feruor
600 4139 643 4192 bei
655 4137 756 4192 diesem
767 4137 811 4192 die
822 4138 936 4193 attische
947 4139 1158 4208 Vorgeschichte
1170 4139 1264 4194 weiter
1273 4129 1368 4207 vcrgo-

198 4221 342 4287 sobrinam,
360 4223 400 4276 als
416 4223 460 4277 bei
478 4223 538 4277 dem
556 4222 639 4276 haum
662 4223 707 4277 ein
733 4223 951 4280 Menochenalter
972 4223 1074 4278 altorem
1093 4224 1218 4290 Herodot‚
1244 4224 1291 4278 der
1316 4223 1367 4277 den

204 4306 394 4362 Erichthonios
411 4307 487 4361 nicht
504 4307 589 4362 kannt
600 4309 654 4361 und
667 4325 718 4362 nur
730 4308 788 4362 vier
799 4308 905 4378 Kbnige
917 4325 965 4363 vor
977 4309 1097 4363 Theseus
1110 4327 1142 4363 nu
1156 4310 1242 4363 haban
1253 4308 1368 4368 schoint.

203 4392 331 4446 wdhrcnd
349 4392 419 4446 nach
438 4393 470 4445 fr.
482 4393 516 4447 82
534 4393 692 4448 Hellanilros
709 4393 786 4448 mehr
803 4393 925 4463 gehennt
942 4394 1031 4448 haben
1048 4411 1122 4447 murs
1124 4434 1165 4447 .....
1189 4394 1280 4448 Dieeer
1297 4393 1370 4447 steht

204 4478 299 4532 mitten
316 4478 345 4531 in
362 4477 410 4533 der
428 4478 630 4548 Sageubildung
647 4479 701 4533 und
719 4479 755 4532 ist
771 4496 840 4549 ganz
857 4478 912 4532 und
929 4495 979 4549 gar
996 4479 1107 4533 modern
1125 4498 1151 4532 ο.
